2664 3906
187 234 252 298 162
323 237 384 287 κα.
404 236 558 287 mom
575 234 727 294 ΔΕΞΕΩΝ
744 235 840 286 xm
858 235 1059 286 Σπουυαου

178 396 304 462 νομίμω(
332 398 363 450 ἐκ
390 395 539 462 καταδίκη(
566 397 753 463 ἀπειληφότε(
781 397 826 447 καί
853 395 1026 460 κωλυόμενοι
1053 393 1198 460 ἐξούλη(

180 485 340 552 ἐγράφοντο
359 486 426 538 τού(
444 486 549 538 ἐκεῖθεν
568 485 672 538 αύτού(
691 485 911 538 ἀπελαύνοντα(
937 485 1053 551 ἀρχαῖον
1075 484 1128 550 γὰρ
1152 485 1199 535 καί

182 574 305 627 Ἀττικόν
325 574 415 637 όνομα
428 574 462 626 τὸ
477 573 598 640 ἐξίλλειν,
618 575 687 640 ὅπερ
702 572 728 626 ol
743 572 967 638 μεταγενέετεροι
981 573 1199 638 ἑλληνικώτερον

181 665 292 718 ἐξειλεῖν
310 665 427 730 λέγουει,
446 663 588 717 τουτέετιν
608 664 772 717 ἀπελαύνειν
790 667 849 715 τῶν
867 662 1079 727 νενομι(μένων.

154 791 167 831 5
253 777 351 831 snm
372 778 417 845 (ef.
437 775 551 846 Gregor.
572 775 696 830 Corinth.
715 784 758 830 Vll
777 782 792 828 2
812 795 839 845 p.
856 781 939 840 1121,
953 783 970 828 4
984 775 1052 842 W.):
1072 778 1200 842 ἐξωμο-

182 867 245 920 (ία·
266 909 295 920 ..
314 867 457 933 ἐξωμοεία,
477 868 546 920 ὅταν
564 883 606 920 τι(
624 867 717 935 φάεκῃ
736 869 754 932 ἢ
774 867 844 933 ύπέρ
864 867 967 919 ἑαυτοῦ
982 869 1000 932 ἢ
1015 867 1085 933 ὑπὲρ
1100 867 1198 932 ἐτέρου

181 957 384 1021 ἐγκαλούμενο(
404 958 440 1022 μὴ
460 958 519 1008 δεῖν
538 955 689 1019 είεόγεεθαι
708 955 800 1022 δίκην·
827 957 888 1008 εἶτα
907 958 951 1008 καί
969 957 1021 1020 τὴν
1040 952 1143 1021 αἰτίαν,
1163 953 1200 1008 δι’

181 1045 217 1111 ἣν
236 1046 289 1098 οὐκ
308 1045 488 1110 εἰεαγώγιμο(
506 1047 524 1110 ἡ
545 1044 619 1110 δίκη·
640 1043 663 1097 εί
681 1046 757 1097 δοκεῖ
776 1045 847 1097 κατὰ
865 1044 949 1108 λόγον
965 1046 1068 1110 ἀξιοῦν,
1088 1043 1198 1096 ἐδίδοτο

182 1135 260 1202 αύτῷ
280 1133 414 1201 ἐξωμοείᾳ
433 1137 556 1200 χρήεθαι.
593 1136 639 1186 καί
657 1135 749 1186 οὕτω(
768 1134 936 1200 διεγράφετο
954 1135 972 1199 ἠ
993 1133 1064 1198 δίκη.

142 1263 168 1302 10
253 1247 319 1300 Lxx.
339 1267 360 1300 s.
382 1265 470 1306 οντυπ.
489 1265 517 1315 p.
538 1253 598 1313 260,
619 1253 665 1301 20:
694 1248 956 1312 ἐπαγγείλαεθαι
979 1249 1013 1301 τό
1036 1249 1157 1302 κελεύειν
1181 1249 1200 1314 ἢ

182 1339 379 1402 καταγγέλλειν
398 1339 514 1402 λέγεται.

253 1452 319 1505 Lxx.
339 1470 360 1505 s.
381 1470 476 1513 ονιιιτ.
495 1469 523 1519 p.
544 1456 603 1518 188,
623 1458 652 1506 5:
673 1455 916 1507 ἐπαιτιώτατοι
935 1453 1114 1520 (υκοφόνται.

256 1566 354 1621 ύνιοιο
370 1567 414 1638 (cf.
429 1568 482 1621 lex.
499 1566 525 1620 S.
541 1567 630 1635 quint.
645 1585 673 1637 p.
689 1572 749 1633 259,
765 1570 803 1636 9):
824 1569 988 1636 ἐπακτρία
1007 1571 1109 1636 χώρα·
1129 1570 1201 1622 κατὰ

182 1660 251 1712 τοὺ(
275 1660 410 1712 παλαιού(
436 1658 555 1724 χρόνου(
580 1659 713 1725 κωμηδὸν
739 1658 885 1712 οἰκοῦντα(
910 1661 977 1712 τού(
995 1657 1159 1726 Ἀθηναίου(
1185 1660 1201 1711 ό

143 1761 169 1800 15
184 1748 293 1815 Κέκροψ
313 1748 477 1811 (υναγαγών
496 1748 646 1814 κατῴκιεεν
661 1746 699 1800 εἰ(
713 1748 806 1801 πόλει(
823 1749 939 1814 δώδεκα,
959 1750 1004 1801 καί
1017 1750 1129 1801 τούτων
1141 1753 1201 1800 τών

182 1838 293 1890 πόλεων
308 1838 457 1902 ἐπώνυμον
472 1837 536 1901 μίαν
551 1836 602 1903 ἀφ’
615 1838 718 1892 ἑαυτοῦ
734 1837 887 1905 Κεκροπίαν
899 1838 1130 1904 προεηγόρευεεν,
1149 1839 1201 1891 δύο

185 1927 215 1979 δέ
238 1926 416 1993 τετραπόλει(
440 1927 579 1992 ἐκάλεεεν,
606 1929 637 1980 ἐκ
660 1928 740 1995 [τών]
766 1928 909 1994 τεττάρων
932 1928 1043 1981 πόλεων
1066 1928 1201 1993 ἑκατέραν

185 2019 283 2080 μοῖραν
311 2013 494 2082 καταετήεαε,
522 2021 595 2082 τρεῖ(
621 2017 652 2068 δέ
676 2017 728 2069 τὰ(
753 2018 850 2069 λοιπὰ(
879 2017 1042 2082 ἐπακτρίδα(
1068 2017 1201 2081 ώνόμαεε.

185 2106 230 2156 καί
249 2105 266 2169 ἠ
286 2105 423 2169 προεεχὴ(
446 2106 524 2171 χώρα
546 2106 661 2157 ταύται(
683 2111 743 2158 ταῖ(
761 2107 846 2173 τριείν
865 2106 1022 2171 ὁμωνύμω(
1041 2107 1137 2160 αύταῑ(
1155 2107 1202 2159 ἐπ-

145 2205 170 2244 ιο
184 2192 282 2258 ακτρία
301 2194 434 2245 ἐκαλεῖτο.
976 2186 979 2192 ’

256 2306 322 2360 Lux.
347 2325 368 2360 s.
394 2325 488 2367 evm.
508 2325 535 2375 p.
557 2312 620 2372 187,
642 2312 687 2361 31;
715 2311 982 2376 ἐπακτροκέληε·
1006 2310 1104 2364 πλοίου
1128 2312 1203 2364 είδο(

184 2401 353 2463 πειρατικού.

258 2510 323 2564 Lux.
343 2530 364 2563 ιι.
386 2529 480 2571 evm.
499 2530 527 2580 p.
548 2515 608 2580 188,
630 2518 675 2565 14ε
705 2512 757 2567 ἐπ’
779 2515 909 2584 ἐκφορᾷ
933 2515 1014 2582 δόρυ
1038 2517 1202 2580 ἐξενεγκεῖν·

186 2606 272 2654 τοῦτο
287 2607 345 2654 τοῖ(
360 2602 454 2666 βιαίω(
469 2601 631 2667 θνήεκουειν
641 2601 746 2656 ἐτίθετο
756 2608 829 2670 τρεῖ(
838 2605 950 2671 ἡμέρα(Ι
971 2605 1061 2657 οὕτω(
1072 2605 1203 2671 ἐκρίνετο.

147 2728 173 2768 25
259 2714 356 2768 Svas
376 2715 421 2785 (of.
436 2715 490 2768 lex.
506 2715 531 2769 S.
547 2717 637 2784 quint.
652 2735 680 2784 p.
696 2722 756 2783 260,
773 2719 810 2785 7):
830 2720 1034 2785 ἐπίγραμμα·
1059 2721 1150 2773 πάντα
1168 2722 1204 2774 τό

187 2805 398 2873 ἐπιγραφόμενα
407 2820 466 2873 τιει,
478 2807 528 2859 κᾶν
537 2809 574 2872 μὴ
583 2807 614 2859 ἐν
622 2807 878 2876 μέτροιεείρημένα,
887 2809 1080 2875 ἐπιγράμματα
1087 2810 1203 2873 λέγεται.

260 2917 357 2972 ὃνιοιο
378 2919 423 2989 (ef.
443 2919 495 2973 lex.
517 2919 541 2974 S.
562 2923 653 2989 quari.
672 2939 700 2989 p.
721 2924 859 2991 181,14)ι
887 2925 1098 2992 ἐπιγραφεῑε·
1118 2925 1204 2979 ὁπότε
1316 2983 1317 2989 .

188 3009 310 3074 δεήεειεν
330 3010 461 3076 ἀργύριον
480 3009 617 3077 εἰεφέρειν
638 3010 676 3064 εἰ(
693 3012 727 3064 τό
747 3013 879 3078 δημόειον
897 3014 964 3065 τοὺ(
983 3014 1083 3067 ἀετοῦ(
1101 3017 1118 3080 ἢ
1137 3016 1204 3068 τού(

190 3097 343 3164 μετοίκουε,
364 3098 390 3150 οἱ
407 3103 496 3152 ταῦτα
515 3100 718 3167 διαγράφοντε(
736 3101 899 3168 ἐπιγραφεῖ(
917 3102 1077 3157 ἐκαλοῦντο.

260 3260 276 3307 4
291 3255 393 3320 ἐξελεῖν
402 3256 477 3323 libri,
493 3274 544 3311 em.
555 3257 770 3314 Radermacher.
826 3257 924 3313 θούτω
934 3258 1053 3316 Bekker.
1109 3267 1142 3315 15
1154 3259 1205 3316 πό-

189 3331 244 3389 λεις
262 3327 441 3397 Vindingius‚
461 3328 551 3396 φυλὰς
569 3329 643 3383 libri.
718 3335 759 3383 15.
781 3335 813 3382 16
832 3331 1004 3385 καὶτούτων
1022 3341 1079 3386 τῶν
1097 3330 1204 3387 πόλεων

189 3399 337 3465 ἐπώνυμον
356 3398 424 3466 μίαν
443 3397 496 3469 ἀφ’
517 3399 618 3455 ἑαυτοῦ
634 3400 855 3465 Radermacher,
875 3403 923 3455 καί
940 3400 992 3470 τὴν
1010 3413 1066 3457 τῶν
1084 3407 1205 3459 πολιτῶν

189 3468 352 3538 ἐπωνυμίαν
366 3467 417 3539 ἀφ’
432 3470 533 3526 ἑαυτοῦ
546 3471 620 3526 libri.
696 3478 727 3526 17
746 3481 802 3526 τῶν
816 3471 881 3527 secl.
897 3471 1077 3542 Vindinghm,
1093 3475 1206 3529 dubitat

189 3540 409 3608 Radermaoher‚
435 3559 521 3610 quam
544 3545 629 3597 recte.
721 3549 762 3597 19.
783 3549 817 3597 20
844 3543 981 3611 ἐπακτρία
1006 3545 1130 3613 Bekker,
1159 3548 1204 3602 ἐπ-

190 3611 306 3679 ακτριὰς
323 3611 397 3665 libri.
1314 3623 1315 3636 ¹
