2664 3906
182 197 244 261 158
318 201 380 251 XII.
399 200 553 250 ΕΚΛΟΓΗ
570 197 722 257 Ant-:Emi
740 199 836 250 ΚΑΤΑ
854 200 1054 251 ΣΤΟΙΧΕΙΟΝ

249 359 314 412 Lnx.
339 377 359 412 s.
385 377 473 418 omns.
496 376 524 426 p.
545 363 609 425 259,
631 363 663 412 18
688 357 733 426 (of.
758 358 810 412 lex.
836 357 862 412 S.
886 360 978 426 quart.
1001 377 1029 427 p.
1050 364 1115 428 181,
1136 363 1196 428 25):

177 450 353 516 ἐγχώριος·
381 449 514 516 ἐγχώριός
538 449 609 502 ἐςτιν
633 451 649 502 ὁ
669 449 699 501 ἐν
717 454 752 517 τῇ
772 451 849 517 χώρᾳ
869 449 917 515 ών,
941 450 1083 503 τουτέςτιν
1101 451 1118 502 δ
1138 451 1196 504 ἐπι·
1306 467 1320 484 ·

176 540 282 605 δημῶν,
302 537 356 591 εἴτε
376 539 453 592 ξένος
472 537 523 605 εἴη,
543 537 598 592 εἴτε
616 539 705 591 ἀςτός.

248 661 313 714 Lnx.
334 679 355 714 s.
371 680 459 721 ovnss.
475 680 501 730 p.
518 666 578 728 260,
594 666 622 716 9:
643 664 850 716 ἐδαπανᾶτο
870 669 957 716 κεῖται
975 664 1050 729 παρὰ
1068 669 1128 716 τοῖς
1146 663 1196 730 ῥή-

151 763 253 818 στορςι
276 754 321 804 καλ
340 752 384 804 ἐπὶ
402 757 453 805 τοῦ
474 751 634 818 ἀνηλίςκετο
653 753 688 805 τὰ
707 752 835 818 χρήματα
853 754 899 805 καλ
918 753 962 806 ἐπὶ
979 757 1031 806 τοῦ
1051 752 1198 817 ἀνήλιςκεν

177 841 262 894 αάτδς
280 857 328 894 τις.

249 963 346 1017 Svsoss
367 962 412 1031 (cf.
431 963 484 1016 lex.
505 963 530 1016 S.
546 963 636 1032 quini.
651 983 679 1032 p.
695 969 755 1031 259,
770 967 828 1034 32):
849 966 1028 1018 ἑδωλιάςαι
1048 967 1092 1018 καί
1111 965 1196 1031 ἰκρι-

178 1059 270 1107 ώςαι·
295 1055 418 1122 ἑκατέρῳ
442 1054 537 1106 αὐτῶν
561 1055 721 1121 ἐχρήςαντο.
757 1055 791 1108 τὸ
816 1056 866 1120 μὲν
890 1055 941 1107 οὖν
964 1055 1109 1107 ἑδωλιάςαι
1132 1053 1197 1107 οῖον

177 1148 314 1197 ςυνθεῖναι
338 1146 368 1196 ἔκ
391 1160 476 1196 τινων
500 1145 590 1196 ξύλων
608 1144 703 1197 ἁπλῶς
720 1144 791 1210 πρὸς
809 1145 898 1197 τόπον
916 1144 977 1196 τινὰ
997 1145 1195 1210 ςυντεθέντων,

137 1246 162 1284 1o
175 1233 209 1285 τὸ
233 1233 263 1285 δὲ
287 1231 408 1298 ἰκριώςαι
435 1231 541 1285 δύναιτ’
566 1233 601 1284 ἂν
626 1235 670 1285 καλ
694 1234 733 1285 ώς
756 1233 916 1299 κοινότερον
940 1233 1037 1298 λεχθὲν
1059 1235 1194 1285 νοεῑςθαι·

175 1323 272 1374 πολλοὶ
290 1322 343 1388 γὰρ
362 1326 420 1374 τῶν
439 1320 560 1374 ἰδιωτῶν
579 1320 649 1387 ἰκρία
669 1322 843 1375 καλοῦςιτὰς
858 1322 961 1374 ἐκτῶν
975 1326 1090 1387 μακρῶν
1104 1322 1196 1374 ξύλων

176 1411 369 1475 ςυντιθεμὲνας
388 1412 484 1474 ςτέγας
503 1411 558 1463 ὑπὸ
577 1412 683 1474 ςτέγαις
702 1412 815 1477 ἑτέραις.

244 1532 287 1621 (u.
301 1535 422 1599 13-16
433 1568 467 1587 =
477 1537 518 1600 27
531 1533 582 1622 Β.)
600 1536 717 1601 Lnxsc.
728 1555 831 1600 τιμον.
843 1553 1013 1600 cnnsnnn.
1024 1558 1055 1619 p.
1065 1535 1139 1618 667,
1152 1535 1196 1597 12

177 1642 304 1707 Dobree
324 1675 358 1693 =
377 1666 407 1727 p.
423 1643 497 1726 337,
513 1644 555 1707 15
573 1642 702 1708 Nauck:
722 1644 953 1720 εἰςαγγελία·
973 1644 1054 1706 κατὰ
1073 1647 1195 1708 καινῶν

137 1751 228 1813 sonui
253 1749 412 1829 ἀγράφων
437 1750 649 1830 ἀδικημάτων.
697 1752 776 1831 αὕτη
806 1754 864 1830 μὲν
890 1750 992 1827 οὖνὴ
1018 1750 1195 1813 Κεκιλίου

17 1858 266 1922 339Νοιιολδόξα.
292 1853 385 1940 ...i
406 1907 435 1919 ..
460 1858 633 1922 Κεκίλιος
657 1861 692 1922 δὲ
716 1858 821 1922 οὕτως
840 1858 990 1937 ώρίςατο·
1015 1856 1197 1932 εἰςαγγελία

178 1964 260 2026 ἐςτίν
284 1964 302 2026 δ
327 1965 400 2042 περὶ
423 1969 544 2028 καινῶν
572 1963 775 2045 ἀδικημάτων
804 1965 980 2029 δεδώκαςιν
1003 1962 1195 2038 ἀπενεγκεῖν

177 2070 207 2134 οἱ
236 2070 339 2148 νόμοι,
386 2072 448 2134 ἔςτι
472 2074 508 2135 δὲ
531 2076 629 2135 τοῦτο
653 2072 877 2150 μελετώμενον
901 2073 937 2135 ἐν
959 2075 1028 2134 ταῖς
1052 2074 1118 2133 τῶν
1142 2089 1195 2133 ςο·

177 2176 341 2260 φ<ιςτ>ῶν
365 2181 548 2257 διατριβαῖς.

137 2331 162 2370 20
248 2315 386 2372 aSvsoss
412 2316 457 2384 (cf.
476 2316 529 2370 lsx.
550 2316 576 2370 S.
596 2315 686 2384 quini.
706 2336 733 2386 p.
754 2322 814 2382 244,
836 2322 868 2369 18
887 2318 917 2369 ei
935 2315 1048 2384 Gregor.
1069 2314 1193 2368 Corinth.

175 2409 247 2457 1111
263 2422 290 2472 p.
308 2410 384 2470 1119,
402 2412 415 2459 1
431 2405 499 2475 W.):
520 2405 723 2471 εἰςαγγελία·
739 2407 841 2474 κυρίως
855 2409 872 2473 ἠ
888 2409 950 2472 περὶ
969 2410 1073 2458 καινῶν
1088 2408 1131 2458 καί
1146 2407 1194 2470 δη-

177 2494 278 2559 μοςίων
303 2495 483 2561 ἀδικημάτων
507 2494 669 2562 είςαγομένη
690 2496 751 2562 δίκη
775 2497 831 2549 ὑπὸ
849 2500 908 2548 τῶν
927 2495 1105 2560 πρυτάνεων,
1131 2496 1195 2560 περὶ

176 2583 217 2635 ών
241 2584 393 2650 διαρρήδην
418 2585 467 2648 μὲν
487 2585 570 2637 οὐδὲν
589 2585 715 2648 λέγουςιν
734 2584 760 2637 οἱ
778 2585 872 2652 νόμοι,
900 2588 1071 2650 ςυγχωροῠςι
1088 2584 1119 2637 δὲ
1139 2583 1194 2649 κρί-

176 2687 228 2724 ςεις
254 2673 385 2736 γενέςθαι.
424 2675 468 2725 καί
491 2674 577 2726 τοῦτό
601 2674 672 2726 ἐςτιν
696 2673 756 2726 οἷον
779 2675 813 2727 τὸ
837 2674 867 2726 ἐν
889 2678 950 2725 ταῖς
972 2676 1030 2725 τών
1054 2677 1194 2738 ςοφιςτών

136 2774 162 2814 15
177 2762 326 2827 διατριβαῖς
345 2763 545 2828 μελετώμενον,
563 2763 596 2814 τὸ
615 2767 673 2815 τῶν
693 2763 830 2829 ἀγράφων
849 2761 1035 2827 ἀδικημάτων.

249 2942 264 2989 9
289 2936 318 2990 ἐκ
342 2945 426 2992 τινῶν
449 2936 568 2991 Bekker.
678 2943 712 2990 14
735 2947 841 2993 καινῶν
859 2937 982 3003 Ιλολιτοο,
1008 2945 1112 2991 κοινῶν
1132 2936 1193 2990 cod.

178 3013 210 3060 1ά
234 3007 383 3062 Καικιλίου
407 3008 528 3074 Dobree,
555 3006 674 3064 Κικίνοο
698 3010 758 3064 cod.
851 3015 883 3063 16
907 3006 1052 3070 Καικίλιος
1075 3007 1194 3073 Dobree‚

176 3087 259 3132 κανεῖ
277 3079 337 3132 cod.
435 3085 467 3132 18
486 3089 568 3134 τοῦτο
588 3081 709 3148 Sauppe,
733 3081 764 3134 τὸ
785 3081 845 3134 οοά.
938 3085 979 3133 18.
1000 3085 1032 3132 19
1052 3087 1192 3147 σοφιστῶν

177 3150 299 3216 Dobroo‚
324 3159 420 3218 σοφῶν
440 3151 500 3204 ood.
591 3153 622 3206 ἐν
644 3160 706 3213 ταῖς
728 3161 783 3206 τῶν
807 3159 946 3220 σοφιστῶν
969 3151 1138 3221 διατριβαῖς]
1159 3165 1194 3204 ex

176 3220 221 3274 his
244 3221 338 3275 uerbis
362 3222 405 3275 Fr.
426 3221 521 3276 Osann
544 3224 675 3293 beitraepe
696 3240 747 3278 ταν
769 3223 867 3293 ρνίοολι.
891 3241 919 3276 ιι.
942 3239 1022 3277 rocos.
1042 3223 1193 3276 litterator-

176 3294 342 3364 9eschichte1
357 3297 425 3346 1835
440 3311 467 3361 p.
479 3299 618 3346 295-297
635 3293 780 3347 oonoludii
794 3292 909 3347 Caecilii
923 3293 1028 3347 librum
1041 3291 1193 3358 exstitisse,

177 3364 223 3418 oui
242 3363 314 3418 libro
334 3363 364 3416 αλ
381 3373 438 3418 τῶν
457 3373 595 3434 σοφιστῶν
614 3365 685 3434 (siue
703 3367 808 3434 σοφῶν)
828 3363 970 3435 διατριβαί
987 3365 1123 3432 inscripio
1143 3380 1194 3432 po-

178 3438 239 3489 stes
258 3451 275 3488 s
290 3435 416 3503 Longino
430 3435 503 3489 liber
519 3434 663 3506 Φιλόλογον
678 3433 783 3503 ὁμιλίαι
797 3436 944 3504 oppositus
960 3439 1041 3488 osset.
1075 3435 1125 3488 sed
1139 3435 1193 3488 hoo

176 3506 373 3560 refutsnorunt
408 3505 521 3560 Mourit.
541 3507 634 3560 Herm.
654 3507 705 3559 Ed.
725 3506 821 3575 Μαίας,
841 3506 983 3574 Οραεοαλα
1001 3506 1163 3560 academica
1182 3513 1194 3559 1

179 3581 245 3631 1861
266 3595 294 3645 p.
310 3582 370 3644 1³0,
390 3582 423 3630 ιι
443 3579 472 3631 et
489 3578 573 3631 Klein
591 3578 609 3632 1.
629 3597 650 3632 s.
669 3595 697 3645 p.
717 3582 777 3630 οιο.
851 3583 883 3630 21
904 3586 1008 3632 κοινῶν
1026 3577 1101 3631 libri.
