2664 3906
7 415 14 460 λ

337 197 410 247 xw.
429 195 649 247 FRAGMENTA
666 195 847 247 ιιιυιιιιιιω
866 196 968 247 smus
1098 193 1161 258 199

191 357 246 421 καί
264 355 284 439 ή
304 365 364 421 τοῦ
383 359 568 442 χρυσοχόου
587 359 759 442 μαρτυρία.
801 356 860 422 ὅτι
885 352 925 421 δὲ
945 357 1061 440 δῆλός
1080 355 1163 422 ἐστι

144 461 467 550 συμίιιεριλαβὼν
496 475 578 540 τοῖς
609 465 815 547 δημοσίοις
847 463 1060 547 ἀδικήμασι
1092 465 1271 547 τήνῖοΒί.

146 568 291 636 ἑαυτοῦ
318 569 451 654 ὕβριν,
482 568 519 647 ἐξ
548 569 704 635 ἐκείνου
733 565 921 654 φανερόν,Ι
950 569 1044 634 ὅταν
1072 570 1162 656 λέγη

143 677 232 760 (ΧΧΙ
253 675 286 762 ί)
319 676 497 742 ’έτιειδὰν
527 675 709 754 ἐπιδείξω
739 677 912 741 Μειδίαν
941 685 1085 743 τοῦτον
1113 679 1162 761 μή

143 786 271 866 μόνον
299 785 354 860 είς
382 781 461 865 ἐμέ,
490 782 587 846 ἀλλὰ
613 781 677 846 καί
707 784 763 859 είς
784 782 884 864 ὑμᾶς
905 780 969 846 καί
992 784 1048 858 είς
1071 785 1163 860 τοὺς
1189 803 1202 843 ε

144 891 293 967 ἄλλους
324 891 496 966 ἅπαντας
526 889 733 974 ὑβρικότα
764 889 827 953 καί
857 889 901 952 τδι
931 886 1025 972 ἑξῆς.
1071 890 1105 954 αί
1128 888 1160 954 δ’

192 995 371 1073 ὑποθέσεις
399 995 480 1061 ὅταν
505 997 549 1080 μή
572 993 692 1080 ἔχωσιν
716 999 878 1080 ζητήματα
900 993 975 1079 μηδ’
998 995 1163 1080 ἀμφισβη-

191 1107 310 1189 τήσεις,
334 1101 509 1184 λελυμέναι
529 1100 593 1167 εἰσί
611 1101 667 1167 καί
685 1105 790 1169 τόπον
807 1111 852 1190 τῷ
872 1103 987 1186 ῥήτορι
1007 1103 1047 1167 οὐ
1066 1127 1162 1168 κατα-

191 1213 356 1276 λείπουσι·
386 1199 460 1275 οίον
487 1208 563 1294 περὶ
587 1212 694 1293 φόνου
718 1233 768 1285 τις
790 1208 974 1291 ἐγκαλεῖται
996 1208 1051 1274 καί
1074 1209 1162 1294 λέγει

191 1317 378 1382 ’ἀπέκτεινα
400 1313 461 1397 μὲν
484 1317 544 1380 τὸν
567 1317 677 1395 δεῖνα,
706 1317 839 1392 δικαίως
863 1315 925 1381 δέ’.
970 1319 1058 1400 τότε,
1084 1316 1161 1401 δμο-
1176 1338 1202 1376 10
1291 1377 1297 1391 ²

191 1426 393 1506 λογήσαντος
420 1423 525 1488 αὐτοῦ
553 1423 612 1487 τὸν
639 1425 762 1506 φόνον,
794 1425 933 1506 ζητεῖται
963 1426 1085 1508 πότερα
1113 1424 1162 1488 δι

188 1532 290 1607 καίως
313 1531 333 1614 ή
357 1529 488 1605 ἀδίκως
502 1528 684 1594 ἀπέκτεινε·
708 1529 789 1594 ὅταν
812 1525 849 1593 δὲ
868 1529 947 1615 λέγη
967 1529 984 1595 δ
1005 1530 1161 1613 ἐγκαλού-

73 1715 74 1719 ¹
189 1661 298 1723 μενος,
322 1638 372 1703 ὅτι
396 1635 565 1702 ἀπέκτεινε
588 1634 642 1701 καί
666 1636 787 1712 ἀδίκως
810 1635 995 1728 ἀπέκτεινε,
1018 1639 1090 1701 τότε
1113 1636 1162 1702 λέ-

190 1751 286 1810 λυται
305 1743 325 1828 ή
342 1743 513 1820 ὑπόθεσις.
551 1743 656 1820 οὕτως
669 1741 725 1808 καί
738 1741 814 1827 περὶ
828 1744 949 1827 ταύτης
962 1753 1020 1828 τῆς
1033 1742 1161 1828 ὕβρεως

190 1851 380 1938 ῥηθήσεται.
1175 1869 1200 1910 15

215 2009 268 2063 hoc
287 2008 477 2080 fragmentum
495 2009 683 2080 μειίιυοίοιιίῖ
701 2007 787 2061 Βιιεε
806 2007 824 2061 l.
840 2024 861 2061 s.
880 2025 907 2076 p.
923 2011 1028 2060 29-33
1048 2008 1076 2061 et
1094 2007 1159 2061 teti-

141 2100 247 2167 gerunt
264 2097 298 2152 V.
313 2118 348 2151 υτ
362 2097 551 2152 δίίωιιιοιιιιι
571 2097 674 2168 (Herm.
694 2105 792 2150 XXXIV
812 2101 880 2150 1899
898 2114 926 2165 p.
947 2097 1008 2165 626)
1028 2097 1057 2149 οῖ
1076 2095 1159 2150 ὓιετε

143 2186 162 2239 l.
182 2203 203 2240 ε.
222 2205 249 2256 p.
265 2195 341 2242 XIln.

212 2374 309 2442 1639
328 2382 464 2436 ὃτιιοιιοιι
475 2382 617 2436 Demosth.
629 2398 667 2435 or.
677 2389 734 2434 XXI
744 2387 757 2433 1
769 2400 796 2450 p.
808 2385 868 2448 531,
880 2387 911 2433 11
923 2379 1019 2434 Dind.:
1035 2381 1159 2448 Ζητήιειε

142 2472 171 2526 δ’
185 2474 219 2526 ἄν
237 2489 286 2540 nc,
306 2475 384 2526 ὅπως
402 2472 518 2540 δημοιίᾳ
538 2472 640 2539 κρίνων
659 2472 747 2524 αὐτὸν
764 2472 872 2537 ὕβρεως
891 2470 1086 2536 ἐμνημόνευιε.
1115 2474 1159 2524 καί

144 2563 254 2629 ῥητέον,
273 2564 316 2615 ὅτι
336 2563 463 2627 βούλεται
480 2565 570 2614 πᾱιον
589 2561 668 2626 ὕβριν
687 2559 820 2625 δημοιίαν
839 2559 969 2612 ἐπιδεῖξαι
986 2561 1030 2611 καί
1046 2559 1158 2624 μάλιιτα

138 2653 195 2717 τὴν
214 2652 337 2705 Μειδίου.
376 2649 400 2703 εἰ
417 2651 471 2716 γὰρ
495 2649 557 2704 καθ’
575 2651 624 2702 ἕνα
647 2649 753 2702 πάντα(
776 2647 886 2714 ὑβρίζει,
913 2648 943 2700 ἐκ
967 2647 997 2700 δὲ
1019 2652 1078 2701 τῶν
1097 2635 1159 2702 καθ’

140 2742 192 2794 ἕνα
210 2741 300 2808 πόλιν,
320 2741 449 2807 δηλονίνιι
469 2739 585 2807 δημοιίᾳ
604 2739 698 2792 ἀδικεῖ.
1172 2751 1198 2790 20

214 2861 333 2916 conlatis
357 2861 393 2916 iis
417 2879 489 2931 quae
513 2877 598 2931 supra
620 2859 654 2914 fr.
675 2866 725 2914 163
744 2878 771 2929 p.
793 2864 852 2920 198,
873 2865 927 2912 211
945 2860 1091 2930 leguntur,
1120 2861 1157 2914 ad

214 3082 228 3129 1
249 3073 400 3147 μαρτυρία]
418 3075 555 3144 posthoc
573 3076 690 3130 uerbum
709 3074 800 3143 primo
818 3074 896 3142 picta
910 3073 998 3128 uerba
1017 3077 1157 3143 δημοσιων

140 3150 323 3216 αδικηματων
342 3167 393 3201 ουκ
412 3149 519 3215 οφειλε,
543 3147 592 3201 sed
616 3147 710 3201 deleta
733 3161 792 3200 esse
816 3145 934 3213 Kenyon
957 3145 1051 3206 dooet;
1076 3145 1156 3199 Βίειι

141 3233 175 3272 ου
193 3217 223 3270 in
242 3220 350 3271 textum
368 3218 470 3287 recipit
488 3219 517 3272 et
536 3218 651 3273 conicit:
676 3214 817 3286 δημοσίων
840 3215 1022 3285 ἀδικημάτων
1048 3216 1099 3270 οὐκ
1119 3216 1157 3270 εί·

140 3287 276 3358 (ιημένιυν.
355 3293 372 3341 4
391 3287 507 3345 ἐπειδὰν
525 3306 649 3359 papyrus
669 3290 698 3342 et
716 3287 842 3357 Kenyon,
862 3283 949 3342 ἔκειτ’
968 3284 1005 3341 διν
1023 3287 1104 3340 Βίωεε
1123 3303 1157 3341 ex

140 3360 219 3415 Dem.
275 3367 377 3416 τοῦτον
391 3360 516 3430 Κειιγοιι,
536 3362 648 3416 τουτονί
662 3359 752 3413 Βίαεε.
825 3364 840 3411 9
861 3359 1016 3428 ἐγκαλεῖται
1030 3357 1156 3427 Κοιιγοιι,

142 3432 297 3486 ἐγκαλεῖται
315 3431 404 3486 ΒΙιιιιε.
485 3437 518 3485 12
538 3430 683 3487 ἀπέκτεινε
702 3431 798 3499 edunt,
818 3448 969 3484 ακειιτεινα
987 3446 1119 3500 papyrus.

142 3510 175 3556 19
189 3502 335 3558 ἀπέκτεινε
349 3502 393 3557 bis
407 3519 473 3573 pap.
489 3505 518 3557 et
532 3504 658 3573 Kenyon,
673 3501 824 3557 ἀπέκτεινα
838 3501 881 3555 δίε
896 3501 985 3555 ΒΙιιεε.
1042 3505 1076 3554 14
1089 3500 1156 3554 ταί-

140 3595 189 3644 της
207 3574 332 3644 Κυιιγοιι,
352 3575 439 3646 αὐτῆς
456 3575 546 3630 Βίοιε.
