2666 3910
189 166 212 228 4
499 167 549 218 ΙΠ.
569 168 695 216 TEXNH
713 167 900 218 PHTOPIKH

188 336 247 410 κῆς
277 329 582 411 διαλαμβανούσαις
610 325 666 393 καὶ
695 339 767 405 ταῖς
798 331 874 411 περὶ
906 341 974 394 τῶν
1006 342 1116 413 μερῶν
1147 341 1206 396 τοῦ

188 439 363 499 πολιτικοῦ
392 437 494 517 λόγου
523 433 578 500 καὶ
610 446 682 512 ταῖς
712 433 802 518 περὶ
835 448 911 501 τῶν
938 438 1136 520 μεθόδων,
1169 443 1210 503 αἳ

189 541 460 624 γυμνάζουσιν
487 542 584 626 ἡμᾶς
614 545 670 618 εἰς
698 543 743 606 τὰ
773 542 869 628 μέρη
899 553 968 608 τοῦ
999 550 1206 610 πολιτικοῦ

189 650 325 731 λόγον,
350 648 421 724 οἵας
445 650 486 732 δη
510 649 719 733 γεγράφασιν
740 647 963 733 Ἀριστοτέλης
985 673 1021 715 τε
1044 649 1099 715 καὶ
1125 650 1207 727 Ἀψί-

162 773 250 837 ουης
281 755 335 818 καί
364 757 550 832 Κεκίλιος
581 757 636 820 καί
666 759 780 839 μυρίοι
812 755 933 842 ἕτεροι,
967 758 1208 835 διδασκαλικῶς

188 861 277 926 πάνυ
301 861 485 926 διαστέλλει
508 864 570 946 τὴν
593 861 794 943 ὁμωνυμίαν.
854 887 856 893 ’

225 1082 278 1148 *4
298 1091 420 1146 Somnn
434 1091 464 1144 in
478 1091 662 1160 Hermogeni·
678 1094 769 1146 είοέυε
784 1092 836 1145 Rh.
852 1091 898 1146 Gr.
913 1101 944 1147 IV
958 1111 985 1162 p.
1002 1099 1061 1161 744,
1077 1099 1093 1147 9
1108 1093 1204 1148 Walz:

161 1224 162 1228 ,
188 1181 395 1248 ἐπιχειρήςομεν
417 1183 447 1234 δέ
471 1181 509 1234 είς
533 1182 605 1236 αὐτὰ
627 1184 789 1248 ποιούμενοι
807 1185 861 1248 τὴν
880 1182 1008 1248 ἐργαςίοιν
1028 1184 1083 1238 ἀπὸ
1101 1187 1206 1238 τῶνδε·

188 1275 301 1336 πρῶτον
326 1271 381 1324 ἀπὸ
400 1275 458 1324 τῶν
477 1270 625 1324 ἐναντίων·
652 1273 765 1336 λέξομεν
787 1265 854 1338 γάρ,
881 1273 924 1325 ότι
951 1271 974 1324 εἰ
1000 1273 1086 1326 κακὸν
1109 1274 1143 1326 τὸ
1168 1277 1205 1340 μή

149 1372 174 1411 ιο
189 1359 261 1425 ἔχειν
281 1360 451 1426 ςυμμάχους,
471 1361 558 1436 δῆλον
577 1361 619 1412 ότι
637 1361 671 1412 τὸ
691 1361 763 1426 ἐχειν
783 1361 901 1427 ἀγαθόν,
922 1364 966 1414 καί
985 1362 1019 1414 τὸ
1039 1360 1062 1415 εί
1081 1367 1149 1416 ναός
1169 1366 1205 1428 μὴ

189 1449 261 1513 ἐχειν
284 1450 383 1514 κακόν,
408 1449 549 1515 ςυμφέρον
572 1450 605 1501 τό
629 1451 709 1515 ἔχειν.
748 1450 880 1517 δεύτερον
904 1451 959 1504 ἀπό
980 1455 1032 1518 τῆς
1050 1456 1108 1504 τῶν
1127 1456 1208 1505 πολε-

189 1537 260 1602 μίων
279 1537 388 1590 ἐλπίδος
406 1553 437 1590 τε
456 1540 501 1590 καὶ
520 1539 610 1604 δόξης,
630 1537 672 1591 οἷς
691 1540 756 1604 ἡμῖν
776 1542 905 1604 ςυμβᾶςιν
924 1540 1023 1592 ἐκεῖνοι
1042 1541 1207 1614 χαιρήςουςι,

187 1630 277 1682 ταυτα
296 1628 362 1692 ἡμῖν
381 1628 537 1693 ἀςόμφορα,
557 1629 596 1680 ὡς
614 1629 690 1694 παρὰ
708 1633 749 1696 τῷ
768 1634 871 1696 ποιητῇ
891 1629 925 1696 (Α
940 1630 1005 1696 255)

294 1717 311 1781 ἠ
332 1733 379 1768 κεν
397 1716 515 1782 γηθήςαι
532 1717 659 1782 Πρίαμος
677 1717 815 1783 Πριάμοιό
836 1733 868 1770 τε
885 1719 993 1770 παῖδες·

148 1816 174 1856 15
188 1791 233 1857 καὶ
251 1805 333 1857 πάλιν
347 1807 425 1871 ἡμεῖς
440 1806 566 1872 ἐροῦμεν,
587 1807 629 1858 ότι
644 1805 779 1858 κάκείνοις
794 1792 868 1859 δοκεῖ
884 1808 1023 1872 βέλτιςτον
1038 1809 1207 1861 εἶναιτοῦτο

189 1894 213 1946 εἰ
237 1894 413 1961 ποιήςαιμεν,
438 1896 476 1947 ὡς
500 1897 544 1947 καὶ
567 1896 749 1961 Δημοςθένης
768 1893 940 1963 (cf.V1fl20)
962 1896 1097 1962 ἐχρήςατο
1121 1896 1207 1950 εἰπών

190 1982 372 2048 *ςκεψώμεθο
387 1984 425 2050 δέ,
447 1983 474 2037 πί
493 1985 527 2036 ἂν
546 1985 656 2037 εὔξαιτο
676 1983 810 2037 Φίλιππος
828 1989 915 2037 τοῦτο
933 1986 1058 2049 γενέςθαι
1075 1986 1109 2037 τό
1129 2002 1208 2052 ςτρα-

188 2072 322 2136 τόπεδον;
348 2072 392 2139 ἂρ’
411 2073 444 2125 οὐ
464 2075 661 2139 διαςπαςθήναι
681 2076 724 2126 κοί
743 2073 885 2139 λυθῆναι;’
911 2075 971 2126 εἶτα
990 2075 1154 2138 ςυνογαγὼν
1172 2076 1206 2127 τὸ

188 2162 280 2227 νόημά
304 2177 388 2227 φηςιν
412 2163 538 2230 (vss120)
564 2161 628 2215 ‘de’
651 2162 669 2214 δ
692 2163 727 2214 ἂν
750 2163 884 2216 Φίλιππος
907 2164 1017 2216 εὔξαιτο
1040 2169 1099 2216 τοῖς
1121 2163 1205 2217 θεοῖς’

149 2263 175 2302 ιο
189 2253 234 2303 καὶ
253 2252 324 2317 έξῆς.
360 2251 456 2317 τρίτον
479 2251 515 2304 δι’
533 2251 551 2303 δ
569 2251 699 2304 πολλάκις
718 2253 864 2304 κινδύνους
882 2253 1003 2304 πολλοὺς
1022 2251 1207 2318 ὑπεμείναμεν

189 2341 233 2392 καί
256 2340 383 2406 χρήματα
407 2342 600 2406 ἀνηλώςαμεν,
628 2342 740 2393 τούτων
769 2342 875 2406 ἐχεςθαι
904 2342 1048 2407 ςυμφέρει,
1077 2343 1116 2394 ὼς
1141 2342 1207 2408 παρ’

190 2427 302 2497 Ὁμήρῳ
323 2430 356 2496 (Β
372 2431 458 2496 1⁶0s)

296 2519 347 2571 κὰδ
367 2519 398 2571 δέ
417 2535 464 2572 κεν
484 2519 610 2585 εὐχωλήν
628 2519 747 2587 Πριάμῳ
767 2522 810 2571 καί
829 2521 918 2585 Τρωςλ
938 2519 1043 2572 λίποιεν

297 2607 422 2673 Ἀργείην
438 2607 558 2674 Ἑλένην,
580 2605 583 2678 ί

83 2692 236 2749 λόόλλκοί
255 2697 326 2762 ἑξῆς.
345 2701 431 2749 τοῦτο
450 2698 481 2750 δέ
499 2713 572 2750 τινες
591 2699 635 2750 καὶ
654 2699 779 2751 ἀπὸτοῦ
799 2698 914 2751 ἐνδόξου
934 2701 1018 2764 φαςίν
1037 2697 1206 2765 ἐπιχείρημα.

150 2797 175 2836 ιε
189 2786 323 2852 τέταρτον
350 2785 400 2851 ἀφ’
419 2787 459 2838 ῶν
485 2785 512 2838 οἱ
536 2787 662 2851 πολέμιοι
688 2787 839 2852 ὑπέμειναν
862 2789 906 2839 καί
930 2786 948 2838 δ
971 2787 1140 2852 θαυμάζουςι
1162 2789 1207 2839 καί

190 2873 225 2928 δι’
243 2874 261 2926 δ
279 2876 400 2926 πολλοὺς
418 2874 524 2926 πόνους
542 2874 719 2941 ὑφίςταντοι,
742 2875 812 2941 ίιπέρ
830 2877 941 2928 τούτων
961 2878 1004 2929 καί
1023 2877 1088 2941 ἡμῖν
1107 2876 1208 2940 ἀγωνί·

161 3031 163 3036 1
190 2966 283 3016 ςοςθυι
298 2964 438 3029 ςυμφέρει,
453 2964 492 3016 ὼς
502 2965 684 3029 Δημοςθένης
694 2964 775 3032 ἐντῷ
784 2965 854 3030 Περὶ
865 2965 1004 3030 ςτεφάνου
1020 2963 1065 3032 (of.
1075 2971 1152 3018 xvm
1162 2966 1207 3033 66)

191 3051 228 3105 ’τί
253 3053 308 3104 ἔδει
336 3068 368 3116 με
395 3055 592 3117 ςυμβουλεῦςαι
617 3057 651 3120 τῇ
678 3052 756 3104 πόλει
781 3054 911 3106 κινδύνου
938 3053 1136 3120 περιετόντος’.
1163 3056 1208 3106 κοί

150 3153 176 3192 ευ
189 3145 274 3193 τοῦτο
294 3140 512 3214 καταςκευάξων
525 3141 556 3193 ἐκ
573 3145 625 3193 τοῦ
640 3141 778 3194 Φιλίππου
798 3142 894 3207 ἔλαβεν
912 3143 962 3196 τὰς
977 3143 1107 3207 ἀφορμὰς
1121 3141 1207 3196 εἰπών

190 3232 276 3296 (xvffl
290 3232 334 3296 67)
360 3228 470 3295 *ἑώρων
493 3227 524 3282 δέ
546 3231 597 3282 τὸν
616 3229 764 3298 Φίλιππον,
788 3231 858 3296 πρὸς
881 3231 914 3284 ὃν
937 3233 973 3296 ἦν
996 3233 1062 3297 ἡμῖν
1085 3231 1207 3297 όάγόιν,

190 3319 261 3388 ὑπὲρ
280 3318 363 3383 δόξης
381 3319 432 3370 τὸν
447 3319 594 3384 ὀφθαλμόν
609 3319 819 3386 ἐκκεκομμένον,
838 3320 872 3371 τό
888 3321 981 3373 ςκέλος
994 3321 1207 3388 πεπηρωμένον,

189 3408 242 3473 τὴν
262 3409 335 3459 κλεῖν
349 3407 531 3470 κατεαγότα.
569 3409 696 3473 πέμπτον
721 3409 776 3461 ἀπὸ
798 3412 850 3475 τῆς
872 3407 931 3461 τῶν
950 3411 1062 3462 πολλῶν
1080 3409 1207 3475 κρίςεως·

236 3597 238 3600 ,
262 3552 316 3601 λῦε
332 3547 366 3602 cf.
382 3547 415 3601 fr.
431 3554 464 3601 59
479 3566 506 3616 p.
523 3551 565 3615 38,
581 3554 693 3602 21-22.
759 3553 863 3602 31-33
880 3549 914 3602 cf.
929 3549 962 3603 fr.
979 3555 1012 3602 70
1027 3568 1055 3618 p.
1070 3555 1112 3615 53,
1128 3555 1207 3606 3-5.
