2664 3906
162 191 225 256 168
297 195 358 245 XII.
377 194 532 245 EKAOPH
549 192 700 252 ΛΕΞΕΩΝ
719 195 815 244 ΚΑΤΑ
833 194 1033 245 ΣΤΟΙΧΕΙΟΝ

226 353 291 406 Lux.
308 373 328 406 ι.
345 370 438 414 evm.
453 370 481 421 p.
498 357 558 419 189,
573 358 619 406 31:
640 355 753 420 θέτην·
773 354 824 406 τόν
842 353 1039 418 δανειζόμενον
1057 353 1172 420 λογάριν

155 443 199 497 ἐπ’
217 443 290 512 οἰκίᾳ
309 445 326 508 ἢ
346 443 515 511 ἀνδραπόδῳ
535 445 552 508 ἢ
573 442 674 510 χωρίῳ.

222 566 271 656 (=
296 569 338 633 28
362 566 413 655 B.)
440 567 660 654 [Appomvs]
684 568 723 631 do
746 567 846 632 differ.
871 569 957 632 affin.
980 589 1051 632 αοο.
1074 591 1105 652 p.
1129 567 1172 631 68

155 674 369 741 λίοίοίτοιιαοι2
389 674 437 764 (=
456 675 554 740 FHG
572 681 620 740 III
638 699 668 760 p.
688 676 751 739 341
762 673 806 761 s):
830 677 959 760 θεωρὸς
977 673 1032 739 καὶ
1051 675 1174 758 θεατὴς

128 802 140 842 ι
155 781 320 866 διαφέρει·
338 784 469 867 θεωρὸς
483 783 545 864 μὲν
558 783 621 866 γάρ
637 780 728 846 ἐστιν
742 781 760 847 ὁ
775 783 823 858 είς
836 784 940 858 θεοὺς
953 783 1173 865 πεμπόμενος,

154 891 276 974 θεατὴς
300 889 337 954 δὲ
361 889 378 955 ὁ
403 889 544 973 ἀγώνων
566 887 619 953 καλ
644 890 806 974 θεάτρων.
831 887 1086 953 ...διαστέλλει
1109 883 1174 953 οὖν

154 1006 254 1062 τοῦτο
283 996 443 1080 ἐπιμελῶς
467 996 695 1081 Λυσιμαχίδης
722 995 760 1061 ἐν
787 1004 833 1084 τῷ
862 996 959 1079 πρὸς
984 996 1173 1060 Κεκίλιον

0 1108 140 1163 ovalck.
158 1105 243 1188 Περί
269 1103 273 1190 ί
298 1115 364 1168 τῶν
392 1105 481 1188 παρὰ
508 1114 578 1180 τοῖς
600 1101 755 1180 Ἀττικοῖς
784 1103 936 1187 ῥητόρων
962 1099 1016 1167 καί
1039 1105 1174 1166 πολλῶν

154 1209 356 1294 παραθέσεις
374 1221 526 1275 ποιεῖται.
621 1208 676 1275 καὶ
699 1211 741 1275 τὸ
765 1221 848 1286 τοῖς
866 1208 1092 1293 Ἀθηναίοις
1115 1209 1173 1273 ιλι-

115 1338 141 1377 ιο
200 1319 370 1399 όόμευον
392 1319 591 1401 θεωρικὸν
615 1314 690 1402 οὐχί
714 1317 778 1382 διὰ
805 1317 872 1392 τὰς
900 1315 996 1392 θέας
1019 1313 1078 1401 (ὡς
1100 1319 1173 1380 Κε-

199 1425 328 1500 κίλιος
350 1420 545 1510 ὑπέλαβεν),
572 1423 655 1489 ἀλλὰ
679 1425 735 1489 διὰ
758 1424 795 1488 τὸ
820 1423 857 1488 ἐν
879 1433 952 1499 ταῖς
975 1422 1103 1506 ἑορταῖς
1126 1423 1173 1497 είς

198 1533 277 1607 τοὺς
299 1533 404 1607 θεοὺς
426 1531 577 1612 εὐσεβεῖν
599 1527 654 1594 καλ
680 1530 811 1596 ἐπιθεῖν
834 1528 890 1594 καλ
913 1529 1144 1613 εὐφραίνεθαι.

225 1669 358 1728 aSvas
374 1670 418 1739 (τί.
433 1669 487 1724 lex.
503 1669 529 1724 S.
544 1672 635 1738 quart.
650 1688 677 1739 p.
694 1675 754 1736 189,
769 1672 827 1740 29):
842 1671 1009 1736 θεωρικὸν
1024 1673 1077 1723 καλ
1091 1673 1173 1723 θεω-

154 1761 242 1827 ρική·
269 1761 414 1826 Ἀθήνητιν
438 1762 473 1826 ἠν
497 1761 625 1827 χρήματα
648 1761 740 1827 κοινά,
765 1759 922 1827 ἃθεινρικά
940 1759 1077 1824 ἐκαλεῖτο,
1101 1758 1174 1812 διδό-

114 1862 140 1902 15
156 1866 224 1915 μενα
246 1855 305 1902 τοῑτ
325 1849 480 1916 Ἀθηναίοιε
503 1849 541 1902 εί(
564 1849 708 1915 διανομήν.
746 1849 875 1916 προήχθη
895 1849 925 1901 δὲ
945 1849 1048 1901 οὕτωσ
1070 1849 1103 1901 τὸ
1121 1864 1173 1900 πα-

153 1939 231 1991 λαιὸν
250 1940 335 2004 ὄχλου
354 1940 508 2003 γενομένου
528 1939 558 1991 ἐν
576 1944 634 1992 τοῖς
653 1939 780 2005 θεάτροιτ
799 1940 843 1990 καί
861 1943 920 1990 τῶν
940 1937 1027 1990 ξένων
1043 1938 1094 1990 τὰ(
1108 1937 1173 1991 θέα(

154 2028 481 2093 προκαταλαμβανόντων
505 2027 641 2080 διεδίδοτο
660 2032 719 2080 τοῑτ
737 2026 861 2080 πολίταις
879 2027 912 2079 τὸ
932 2026 1080 2092 θεωρικόν,
1104 2027 1173 2092 ὅπερ

154 2117 223 2181 ἦτον
242 2117 293 2169 δύο
312 2116 415 2183 ὀβολοί,
434 2116 481 2169 ίνα
498 2121 584 2169 τοῦτο
604 2117 792 2181 λαμβάνοντες
811 2116 837 2169 οἱ
853 2118 963 2169 πολῖται
977 2117 1088 2168 διδῶειν
1102 2115 1172 2167 αὐτό

154 2210 188 2272 τῇ
215 2205 294 2258 πόλει
321 2206 415 2269 μιτθόν
440 2208 491 2271 τῆ(
518 2206 590 2258 θέατ.
624 2206 639 2257 ό
662 2204 759 2258 τοίνυν
785 2205 1000 2270 ἐπιμελούμενοι
1025 2208 1084 2257 τῶν
1108 2219 1173 2270 χρη-

114 2308 140 2346 εο
155 2294 251 2359 μάτων
274 2295 384 2347 τούτων
408 2295 503 2359 ἄρχων
526 2294 637 2357 ἐλέγετο
659 2297 718 2346 τῶν
742 2297 893 2360 θεωρικῶν.
930 2294 966 2358 ἦν
990 2295 1021 2346 δὲ
1040 2295 1085 2346 καί
1104 2293 1172 2346 ἄλλα

154 2383 282 2448 θεωρικά,
302 2382 320 2435 ἃ
339 2384 479 2449 διενέμετο
499 2383 529 2435 ἐν
548 2387 609 2435 ταϊε
627 2383 736 2448 ἑορταϊτ
755 2385 772 2449 ἡ
792 2383 878 2436 πόλιε.

224 2505 289 2559 Ιπιι.
310 2525 330 2560 s.
351 2525 440 2567 ονιντ.
459 2523 486 2574 p.
508 2509 573 2572 265,
594 2512 625 2559 11
655 2506 742 2574 (apud
771 2504 887 2559 Suidam
912 2505 1016 2558 lemma
1042 2505 1172 2572 nudum):

155 2590 312 2662 Θριάειον
335 2596 467 2650 πεδίον·
492 2597 582 2650 τόπου
606 2597 704 2661 όνομα.
743 2596 845 2662 ἐκλήθη
866 2598 896 2649 δὲ
915 2596 971 2649 ἀπό
989 2601 1048 2650 τῶν
1067 2599 1173 2662 βληθει-

155 2690 210 2739 τῶν
236 2683 274 2738 εἰ(
300 2685 369 2737 αὐτὸ
396 2689 482 2752 θριιῑιν
508 2685 556 2738 ὑπ’
576 2685 701 2752 Ἀθηνᾶτ·
738 2685 811 2751 θρίαι
840 2685 870 2738 δέ
898 2684 963 2738 εἰτιν
991 2685 1018 2738 αἱ
1047 2687 1173 2750 μαντικαί

114 2787 140 2827 νο
154 2777 255 2840 ψῆφοι.
292 2775 400 2840 νύμφαι
419 2775 449 2827 δέ
467 2790 553 2840 τινετ,
575 2773 654 2840 Θρίαι
674 2773 889 2840 ὀνομαζόμεναι,
914 2775 1027 2841 ἐξεῦρον
1045 2776 1099 2841 τὴν
1117 2790 1172 2827 τοι·

154 2864 243 2929 αὐτην
263 2863 402 2927 μαντείαν.
431 2864 500 2928 ἠταν
519 2865 550 2916 δὲ
570 2863 744 2916 Ἀπόλλωνοε
762 2862 878 2929 τιθηνοί.
907 2864 973 2916 ὅθεν
993 2865 1088 2917 καὶτὸ
1107 2880 1173 2929 μαν-

154 2953 279 3005 τεύειθαι
298 2955 430 3018 θριᾶτθαι.

226 3075 291 3128 Lxx.
311 3094 332 3128 ε.
353 3093 447 3136 ονιιιτ.
467 3094 495 3145 p.
515 3080 575 3141 190,
595 3079 623 3128 3:
643 3076 822 3143 θρίπηδον·
842 3075 951 3141 ἱμάτιον
970 3077 1153 3143 βεβρωμένον.

226 3199 336 3253 Svms:
361 3202 549 3267 Θυλὴματα·
568 3202 710 3268 πέμματα,
730 3201 868 3268 ἀπαρχάς,
889 3202 1004 3268 ίίλφιτα,
1025 3201 1042 3253 ἃ
1061 3203 1173 3267 ἔμισγον

117 3303 143 3342 ιο
158 3289 225 3358 οίνιμ
246 3292 290 3342 καί
309 3289 391 3358 ἐλαίῳ
411 3289 450 3342 εἰ(
468 3289 563 3343 θυείαν
582 3289 779 3357 ἀναφέροντετ.

227 3436 240 3483 1
267 3429 383 3499 λογάρια
410 3431 559 3484 ‘summam
583 3431 741 3500 ματαιόταθ’,
767 3450 794 3484 u.
819 3430 915 3500 Steph.
940 3429 1022 3483 Thes.
1042 3449 1083 3500 gr.
1102 3431 1172 3500 ling.

154 3510 173 3552 v
195 3505 255 3554 348.
330 3506 362 3554 12
382 3501 506 3573 ἐπιδεῖν]
527 3502 657 3556 ἐπιθύειν
677 3502 747 3556 coni.
767 3501 944 3557 Valckenaer
962 3518 1019 3554 non
1037 3503 1172 3572 νεανίαιτί

154 3570 298 3625 Wuensch
319 3574 422 3626 monet.
