2666 3912
6 147 8 244 ι

197 176 261 238 122
292 178 354 228 VII.
374 178 461 228 ΠΕΡΙ
477 177 553 229 ΤΟΤ
570 176 813 228 ΧΑΡΑΚΤΗΡΟΣ
831 174 906 226 ΤΩΝ
924 176 1019 225 ΔΕΚΑ
1037 173 1209 226 ΡΗΤΟΡΩΝ

192 335 349 390 orationem
376 335 559 390 Demostheni
585 351 642 388 non
670 333 891 400 οδὶιιάἱοαιιοτίί,
923 333 1043 388 fumasse
1072 331 1209 387 Caecilius

192 425 275 478 huius
294 424 394 478 iudicii
412 427 510 478 auctor
528 425 616 478 statui
633 427 735 494 potest.

263 575 333 642 139
352 587 389 654 (u.
405 589 493 637 1-16
511 612 545 630 =
567 589 601 638 18
615 585 657 653 Β.)
676 585 805 637 mevs
824 585 1021 654 argumentum
1039 583 1208 654 [Demosth]

193 690 232 727 or.
252 681 294 727 VII
317 674 352 726 do
374 673 536 728 Halonnoso
559 692 587 742 p.
608 679 641 727 '15
664 673 780 728 Reiske:
806 676 823 728 6
846 676 877 728 δὲ
900 675 984 738 λόγος
1006 675 1040 726 οὺ
1064 675 1140 726 δοκεῖ
1163 691 1209 739 μοι

193 765 391 830 Δημοςθένους
409 766 487 817 εῖναι.
520 765 599 830 δηλοῑ
618 765 649 816 δέ
666 766 685 829 ἡ
705 764 804 830 φράςις
822 767 867 816 καί
885 765 903 829 ἡ
922 767 973 829 τῆς
992 765 1142 816 ςυνθέςεως
1161 763 1208 828 ἁρ-

194 853 288 920 μονία,
316 855 387 906 πολὺ
410 853 461 905 τόν
484 854 693 918 Δημοςθενικόν
715 859 873 919 πεφευγυῖα
894 854 997 918 τύπον,
1023 853 1153 918 ἀνειμένη
1176 868 1207 904 τε

165 945 239 995 5καί
262 943 442 1007 διαλελυμένη
465 943 541 1008 παρά
563 944 616 1007 τὴν
637 941 714 994 ίδέαν
730 944 836 995 τούτου
853 946 905 994 τοῦ
925 942 1052 1008 ῥήτορος.
1089 944 1134 994 καί
1153 943 1208 1006 μὴν

193 1034 237 1084 καί
261 1032 295 1084 τό
320 1032 365 1084 ἐπί
389 1032 462 1084 τέλει
486 1031 572 1097 ῥηθέν
597 1031 631 1083 οὺ
657 1032 755 1097 μικρόν
780 1032 931 1097 μαρτύριον
953 1035 1005 1083 τοῦ
1027 1031 1114 1082 νόθον
1137 1031 1207 1082 εἶναι

191 1122 242 1173 τόν
269 1121 355 1184 λόγον
384 1119 473 1186 ἐἴπερ
499 1121 577 1184 ὑμεῖς
601 1120 653 1172 τὸν
676 1120 831 1184 ἐγκέφαλον
855 1120 885 1172 ὲν
907 1125 967 1172 τοῖς
990 1121 1143 1185 κροτάφοις
1163 1122 1207 1172 καὶ

193 1211 230 1275 μὴ
250 1210 280 1262 ὲν
298 1215 358 1262 ταῖς
375 1210 506 1275 πτέρναι(
524 1209 791 1274 καταπεπατημένον
810 1208 934 1275 φορεῖτε’
959 1209 1012 1276 (vn
1031 1210 1084 1276 45).
1121 1210 1138 1262 6
1157 1211 1207 1273 μέν

192 1300 245 1365 γάρ
259 1299 441 1364 Δημοςθένης
455 1296 537 1350 εἴωθε
549 1297 687 1365 παρρηςίρ
705 1301 828 1364 χρήςθαι,
846 1301 932 1350 τοῦτο
950 1299 980 1350 δέ
994 1299 1071 1364 ὕβρις
1090 1298 1145 1350 έςτί
1163 1300 1207 1350 καί

152 1401 178 1439 1⁰
192 1387 315 1454 λοιδορία
339 1388 440 1454 μέτρον
462 1388 515 1439 οὐκ
538 1388 646 1452 ἔχουςα.
684 1387 807 1439 εὐτέλεια
829 1403 861 1438 τε
884 1387 961 1454 αὐτῷ
985 1387 1062 1452 δεινὴ
1081 1387 1208 1453 πρόςεςτι

192 1477 262 1528 κατὰ
279 1477 333 1541 τὴν
352 1476 512 1542 ἑρμηνείαν,
535 1476 607 1542 πρός
625 1476 656 1528 δέ
673 1475 785 1528 τούτοις
804 1478 849 1528 καί
867 1477 966 1540 εὔηθες
983 1475 1018 1527 τό
1036 1475 1157 1540 νομίζειν
1176 1477 1206 1528 έν

191 1569 250 1617 τοῖς
269 1565 422 1631 κροτάφοις
440 1566 512 1630 ἔχειν
530 1566 598 1617 τοὺς
616 1565 784 1630 ἀνθρώπους
801 1565 853 1616 τόν
868 1564 1032 1628 ἐγκέφαλον,
1060 1565 1207 1618 ὑπώπτευ-

192 1669 241 1706 ςαν
265 1655 296 1706 δέ
318 1656 363 1706 καί
389 1652 419 1705 οί
444 1654 667 1720 πρεςβύτεροι
691 1653 742 1705 τὸν
767 1654 852 1716 λόγον
878 1654 917 1705 ὡς
942 1654 976 1706 οὐ
1001 1658 1052 1705 τοῦ
1079 1653 1205 1720 ῥήτορος,

192 1745 237 1795 καί
259 1743 440 1809 πεφωράκαςί
460 1743 492 1806 γέ
514 1758 605 1795 τινες
628 1743 698 1794 όντα
717 1742 887 1808 Ἡγηςίππου
911 1744 956 1794 καί
979 1741 1035 1794 ἀπό
1058 1746 1109 1808 τῆς
1133 1742 1206 1795 ἰδέας

152 1843 178 1884 15
191 1835 251 1886 τῶν
275 1833 368 1895 λόγων
392 1833 520 1900 (τοιαύτη
543 1832 597 1897 γὰρ
621 1832 763 1898 κέχρηται)
789 1833 833 1883 καί
858 1832 914 1884 ἀπό
937 1835 996 1884 τῶν
1019 1831 1205 1896 πραγμάτων·

94 1924 127 1972 ’16
142 1918 175 1972 R.
191 1922 261 1974 κατὰ
281 1922 438 1975 Καλλίππου
462 1921 515 1987 γὰρ
537 1925 588 1973 τοῦ
607 1919 765 1973 Παιανιέως
788 1923 873 1986 φηςίν
896 1922 912 1972 6
935 1921 986 1973 τὸν
1006 1921 1091 1983 λόγον
1109 1936 1207 1987 γεγρα-

192 2011 256 2076 φὼς
278 2010 480 2075 ἀπενηνοχέναι
502 2011 616 2076 γραφὴν
635 2009 820 2075 παρανόμων,
845 2009 974 2074 φαίνεται
992 2010 1023 2061 δέ
1042 2010 1095 2074 οὐχ
1113 2012 1129 2062 ό
1148 2010 1206 2075 Δη-

192 2100 338 2164 μοςθένης,
364 2098 423 2152 ἀλλ’
448 2101 464 2152 6
488 2099 656 2164 Ἠγήςιππος
680 2099 734 2162 τὴν
760 2099 830 2150 κατὰ
854 2103 905 2150 τοῦ
930 2097 1067 2150 Καλλίπου
1092 2099 1206 2164 γραφὴν

191 2189 398 2254 ένςτηςάμενος.
429 2189 465 2253 νὴ
480 2187 543 2254 Δία,
564 2186 622 2240 ἀλλ’
640 2189 656 2239 ό
675 2188 758 2250 λόγος
777 2187 956 2252 ςυμβουλεὺει
973 2188 1100 2252 περὶτῆς
1114 2187 1207 2240 Ἁλον-

152 2290 177 2329 20
191 2278 276 2344 νήςου
300 2283 359 2330 τοῖς
379 2277 534 2342 Ἀθηναίοις
557 2277 593 2341 μὴ
617 2275 766 2342 λαμβάνειν
789 2276 891 2342 αὐτήν,
916 2275 974 2328 ἀλλ’
992 2275 1205 2342 ἀπολαμβάνειν,

191 2370 235 2419 καί
255 2368 416 2434 διαφέρεται
434 2368 496 2432 περὶ
514 2369 573 2419 τῶν
592 2365 752 2430 ὀνομάτων,
770 2369 860 2417 ταῦτα
879 2365 909 2418 δέ
928 2363 1053 2430 Αίςχίνης
1071 2369 1138 2431 φηςί
1154 2365 1206 2418 τόν

190 2457 374 2521 Δημοςθένην
400 2455 664 2520 ςυμβεβουλευκέναι
687 2459 747 2506 τοῖς
770 2452 932 2519 Ἀθηναίοις.
971 2454 1031 2505 εἶτα
1055 2453 1082 2506 τί
1106 2459 1205 2518 worm

191 2545 306 2597 δύναται
329 2546 383 2610 γάρ
406 2545 458 2609 τὴν
481 2545 571 2609 αὐτὴν
593 2547 758 2609 πεποιήςθαι
781 2544 938 2608 ςυμβουλὴν
962 2545 1006 2594 καί
1024 2543 1206 2609 Δημοςθένης

191 2636 236 2686 καί
255 2633 434 2700 Ήγήςιππος,
459 2633 518 2685 ἐπεί
541 2635 585 2685 καί
608 2633 694 2685 τᾶλλο
715 2635 767 2698 τῆς
785 2633 873 2697 αὐτῆς
891 2633 960 2696 ἠςαν
979 2632 1010 2684 έν
1027 2637 1063 2700 τῇ
1082 2633 1205 2700 πολιτείᾳ

151 2733 176 2774 25
190 2723 376 2789 προαιρέςεως
399 2724 443 2774 καί
465 2727 525 2774 τοῖς
543 2721 731 2788 φιλιππίζουςι
747 2725 807 2773 τῶν
825 2722 954 2786 ῥητόρων
973 2721 1135 2788 ἀντέλεγον,
1161 2725 1205 2774 καί

191 2813 326 2877 μέμνηται
352 2814 396 2864 καί
422 2813 438 2864 6
464 2811 646 2876 Δημοςθένης
668 2814 718 2862 τοι]
746 2809 916 2875 Ἡγηςίππου
944 2811 983 2862 ὡς
1007 2812 1051 2861 καί
1076 2812 1205 2877 πρεςβεύ-

190 2917 288 2954 ςαντος
307 2899 367 2966 μεθ’
385 2899 487 2953 ἑαυτοῦ
507 2901 551 2952 καί
570 2899 782 2964 ἀντιταχθέντας
800 2903 842 2966 τῷ
862 2898 1010 2952 Μακεδόνι.
1048 2899 1134 2965 δῆλον
1153 2901 1204 2952 οὖν

190 2990 234 3042 ότι
252 2992 268 3043 6
288 2990 337 3055 μέν
354 2994 406 3042 τοι]
428 2989 626 3054 Δημοςθένους
644 2989 727 3050 λόγος
746 2989 762 3039 6
780 2989 843 3054 περί
860 2991 911 3054 τῆς
926 2987 1092 3053 Ἁλοννήςου
1112 2990 1205 3054 ῥηθείς

190 3079 223 3131 οὐ
252 3079 381 3148 ςῲῑεται,
407 3077 514 3131 ἐκείνου
541 3078 572 3130 δέ
595 3078 647 3129 οὐκ
674 3077 757 3129 ὄντος
782 3077 833 3128 τόν
862 3077 1010 3144 εὑρεθέντα
1037 3078 1204 3141 προςέθεςαν

148 3179 175 3219 ³⁰
190 3169 280 3236 αὐτῷ,
304 3168 437 3233 ἀφορμὴν
461 3167 573 3230 ἔχοντες
594 3167 628 3218 τό
651 3168 713 3231 περί
733 3165 899 3230 Ἁλοννήςου
919 3165 1003 3228 λόγον
1023 3164 1144 3232 εἰρῆςθαι
1161 3171 1203 3234 τῷ
1311 3183 1314 3191 ·

189 3256 299 3324 ῥήτορι,
319 3257 411 3309 οὐκέτι
430 3256 461 3309 δέ
480 3254 654 3309 ἐξετάζοντες
674 3253 697 3307 εἰ
714 3259 817 3307 τοῦτον
837 3254 909 3306 εἰκός
928 3256 998 3307 εἶναι
1016 3255 1067 3306 τόν
1086 3255 1202 3308 ἐκείνου,

261 3384 348 3433 2-14
376 3379 474 3433 eadem
501 3377 568 3440 fere,
597 3379 627 3430 οδ
653 3375 795 3443 breuiora,
822 3375 939 3430 Photius
967 3376 1036 3430 bibl.
1065 3377 1124 3430 eod.
1153 3382 1204 3430 265

189 3486 215 3536 p.
235 3473 301 3521 491·
319 3474 415 3521 2-12
443 3465 540 3520 tradit.
650 3470 746 3518 5-10
774 3464 841 3518 uide
866 3465 899 3518 fr.
920 3471 999 3533 951).
1020 3469 1067 3530 86,
1089 3470 1167 3518 15ss.

191 3561 295 3610 12-14
314 3556 349 3608 ef.
368 3556 401 3611 fr.
423 3561 474 3609 141
494 3573 521 3623 p.
543 3560 602 3622 ιιι,
623 3560 655 3607 12
675 3586 710 3594 -
729 3559 790 3622 ιιι,
810 3562 833 3608 1.
