2664 3906
206 228 272 292 210
516 231 908 284 PSEVDOOAEOILIANVM

97 415 124 466 p.
139 403 190 451 122
205 391 242 456 ἐν
266 393 363 482 ὀλίγῳ
387 397 495 482 χρόνῳ
518 396 833 477 κατασκευασάμεθα
855 402 953 476 ναῦς,
977 389 982 480 Ι
1008 403 1161 480 κρεῖττον
1183 389 1225 458 δὲ

205 504 459 586 ναυμαχήσομεν
488 513 556 566 τῶν
585 499 622 566 ἐκ
648 503 805 567 πλείστου
838 501 1025 566 ναυτικῶν’.
1071 499 1127 566 καί
1159 500 1224 566 οὐκ

205 605 366 684 ἐψεύσατο
391 608 408 674 ὁ
432 608 563 674 Κέσων·
586 607 783 692 βιασθέντες
806 609 869 694 γάρ
892 608 958 673 ὑπὸ
978 608 1224 694 Καρχηδονίων

204 725 426 800 ναυμαχῆσαι,
458 715 562 793 εὐθὺς
588 725 628 802 τῇ
652 715 764 800 πρώτη
787 713 1020 802 περιεγένοντο
1043 719 1223 802 ναυμαχίᾳ,
1318 773 1320 791 ,

177 813 370 888 σΔουίλίου
395 832 667 909 στρατηγοῦντος.
1089 829 1104 888 λ

269 931 402 1008 Μάνιος
430 926 467 995 δέ
496 930 670 1014 Βαλέριος,
698 929 760 1014 <ὁ>
786 932 845 1008 τάς
871 933 955 1016 πρὸς
977 928 1112 1017 Ἱέρωνα
1139 945 1222 995 συν-

201 1038 310 1120 θήκας
341 1038 577 1122 ποιησάμενος,
610 1039 703 1104 δοκεῖ
733 1036 788 1102 καί
819 1037 967 1122 βραχέως
997 1037 1053 1103 καὶ
1085 1036 1222 1119 άληθῶς

202 1141 306 1208 είπών
335 1144 519 1230 προτρέψαι
549 1147 611 1229 τήν
639 1148 767 1230 βουλήν
794 1142 931 1230 ἐχεσθαι
958 1155 1025 1210 τῶν
1053 1155 1222 1210 ναυτικῶν

202 1250 252 1315 ὅτι
277 1250 364 1338 ’περὶ
387 1256 493 1337 νήσου
516 1250 571 1318 καί
596 1251 633 1318 ἐν
655 1255 746 1340 νήσῳ
769 1251 977 1337 μαχομένους
1000 1253 1062 1316 οὐκ
1084 1249 1154 1318 ἔστι
1172 1259 1221 1340 τῷ

163 1378 188 1417 ιο
202 1357 301 1424 παντὶ
325 1372 423 1425 νικᾶν
442 1362 487 1444 μή
505 1360 795 1444 ναυκρατοῦντας’.
836 1357 891 1424 καί
910 1356 983 1424 οὐδ’
1007 1354 1105 1435 οὗτος
1123 1357 1221 1436 ἐψεύ-

201 1482 295 1532 σατο·
327 1474 373 1556 τῳ
398 1468 460 1551 γάρ
483 1469 582 1554 τρίτῳ
606 1464 661 1532 καί
684 1467 822 1555 εἰκοστῷ
845 1477 912 1532 τῶν
936 1465 1029 1550 ἐτῶν,
1051 1469 1221 1551 ναυμαχίᾳ

200 1576 420 1658 κρατήσαντες
443 1575 695 1659 Καρχηδονίων,
719 1576 880 1639 Σικελίαν
902 1596 938 1638 τε
960 1571 1059 1658 ἔσχον
1081 1572 1157 1657 περὶ
1180 1568 1220 1656 ής

200 1678 334 1764 ὁάγάν
361 1680 417 1748 καὶ
446 1685 556 1766 φόρου
584 1683 663 1758 τοὺς
687 1683 847 1758 Φοίνικας
874 1679 1072 1764 ἐποιήσαντο
1100 1680 1219 1746 ὑποτε-
1310 1713 1316 1730 ·

200 1792 276 1864 λεῖς.
317 1790 458 1870 μαντικὰ
480 1797 584 1854 ταῦτα
602 1789 638 1854 ἐκ
658 1793 820 1872 λογισμοῦ
838 1785 1016 1874 ἔμφρονος,
1040 1787 1218 1872 ἐπιμεμαρ-

160 1911 184 1953 1⁶
199 1895 366 1980 τυρημένα
389 1892 498 1981 ἔργων
521 1895 661 1978 ἐκβάσει.

264 2003 325 2086 Μή
353 2003 417 2087 άρα
444 2005 499 2068 καί
526 2004 564 2068 τὸ
588 2000 702 2085 Ῥέμυν
729 2011 886 2069 τοιοῦτον
912 1998 968 2087 ήν·
1002 2001 1055 2068 ὅτε
1082 2003 1145 2086 γὰρ
1174 2002 1216 2086 δή

197 2109 259 2191 τήν
276 2107 440 2192 Ἀλβανῶν
457 2112 631 2192 βασιλείαν
650 2110 682 2176 ολ
700 2108 777 2193 περὶ
795 2111 854 2175 τὸν
868 2108 1033 2191 Ῥωμύλον
1050 2107 1218 2194 Νεμέτορι

198 2215 377 2293 ἀποδόντες
409 2224 454 2303 τῳ
487 2217 608 2305 πάππῳ
641 2218 762 2296 κτίζειν
794 2215 945 2301 ἔγνωσαν
979 2217 1068 2281 ίὸίαν
1105 2215 1218 2281 αὐτῶν

196 2325 307 2405 πόλιν,
329 2321 405 2409 περὶ
427 2332 488 2388 τοῦ
511 2326 615 2389 τόπου
640 2322 677 2388 ἐν
700 2314 726 2413 ᾧ
750 2322 902 2390 κτιστέον
926 2323 1134 2409 διεφέροντο·
1159 2321 1217 2388 καί

157 2426 361 2511 εοῬωμύλου
389 2430 426 2494 τὸ
452 2430 624 2496 Παλάτιον
651 2434 905 2518 προκρίνοντος,
934 2429 971 2495 ἐν
994 2420 1020 2518 ᾧ
1044 2427 1100 2494 καὶ
1124 2428 1215 2513 ἐγεν-

197 2539 353 2621 νήθησαν
379 2534 435 2602 καὶ
465 2536 671 2623 ἐτράφησαν,
705 2538 722 2603 ὁ
750 2536 861 2621 Ῥέμος
892 2536 1006 2622 ἕτερον
1036 2547 1215 2622 προηρείτο

197 2647 331 2729 χωρίον,
354 2642 409 2709 καὶ
433 2644 513 2710 αὐτὸ
538 2647 627 2730 παρά
649 2646 709 2710 τὸν
732 2647 866 2731 Τίβεριν
888 2647 941 2711 ὄν·
964 2642 1020 2708 καὶ
1039 2643 1135 2729 με’χρι
1152 2651 1214 2708 τοῦ

196 2751 294 2817 νῦνὸ
313 2753 413 2828 τόπος
431 2757 578 2817 καλεῖται
591 2750 750 2838 Ῥεμορία.
786 2748 1094 2836 άπαραχωρήτωςιί
1114 2751 1213 2834 άμφω

197 2859 253 2923 διὰ
282 2862 477 2942 φιλοτιμίαν
506 2856 637 2942 ἔχοντες
669 2861 885 2924 συντίθενται
916 2865 1010 2935 θεοῖς
1042 2855 1214 2943 ἐπιτρέψαι
1306 2919 1313 2938 ,

156 2984 182 3024 ιε
196 2966 233 3030 τὸ
263 2975 411 3052 πρᾶγμα,
440 2962 557 3029 καὶέν
586 2964 690 3052 ήμέρῳ
720 2962 787 3030 τινί
818 2965 914 3050 ῥητή,
947 2965 1013 3045 άμα
1043 2963 1213 3048 άνίσχοντι

195 3072 289 3160 ἡλίῳ,
310 3071 551 3157 ὀρνιθεύεσθαι
571 3071 608 3137 ἐν
626 3081 671 3158 τῷ
690 3072 795 3138 αὑτοῦ
814 3074 923 3160 χωρίῳ
943 3071 1112 3158 ἑκάτερον·
1136 3070 1214 3136 ὁπο-

194 3177 278 3266 τέρῳ
302 3202 355 3239 ιι

267 3378 282 3425 6
302 3371 396 3426 dudd.
412 3372 520 3426 Arnim.
589 3378 623 3427 18
642 3371 735 3426 αὐτῶν
750 3371 857 3440 Arnim,
876 3371 963 3425 αὐτοῦ
978 3370 1039 3425 cod.
1108 3376 1142 3423 26
1162 3372 1212 3425 αὑ-

194 3451 243 3498 τοῦ
262 3443 369 3510 Arnim,
389 3444 465 3516 αὐτῷ
485 3443 545 3497 cod.

596 3572 809 3580 ———-—-
