2664 3906
269 220 673 282 ΧΗ.·ΕΚΛΟΓΗ·ΛΕΞΕΩΝ
691 223 787 272 ΚΑΤΑ
805 222 1005 274 ΣΤΟΙΧΕΙΟΝ
1080 219 1142 282 181

129 381 485 452 (11.1,ΧΧΧ911Ταπλίαί
509 383 563 449 γὰρ
589 382 645 437 ἀπὸ
670 386 729 435 τῶν
753 386 854 434 κοινῶν
878 383 973 448 ἔχθραι
996 383 1040 435 καί
1058 397 1146 448 πραγ-

130 479 238 538 ματεῖαι
257 471 339 526 αίτίαι
357 477 416 525 τῶν
434 471 513 524 ἰδίων
532 473 678 538 διαφορῶν
698 470 896 537 καθεςτήκαςι’.

132 629 141 658 ··
202 613 313 666 δίαυλοι
332 615 602 680 πραττομένους’
623 613 852 679 ἀπαιτουμένους.
874 613 1026 680 Ἰςοκρότης
1041 613 1145 680 (111111)

131 703 188 758 ίκαί
204 704 273 756 τοὺς
292 704 416 770 μαθητὰς
435 703 533 768 μικρὸν
551 702 782 768 πραττομένουθ.
817 702 1021 768 *πραττόμενος
1035 702 1066 755 δέ
1078 703 1147 754 τοὺς

128 797 187 846 των
206 792 312 846 πλοίων
332 791 451 858 κυρίους,
470 793 569 844 τέλους
588 792 619 844 δέ
638 792 732 845 οὐδενί
751 791 873 858 αίςθηςιν
891 790 1102 857 παρεχόμενος’.
1174 804 1186 843 ο

201 932 312 988 Sume:
330 925 490 1000 πρέςβεις
511 931 761 1004 (παροξυτόνως),
781 935 921 1000 πρέςβεως
938 934 1146 1000 προπαροξυτό-

129 1040 194 1077 νως.
232 1025 293 1089 οὐχί
313 1024 343 1076 δέ
362 1023 417 1076 ἀπὸ
436 1026 494 1098 τῆς
505 1024 637 1089 πρεςβεὺς
656 1021 775 1076 εὐθείας·
796 1023 823 1075 οἱ
840 1024 894 1089 γὰρ
913 1024 1042 1086 λέγοντες
1061 1022 1146 1088 ἁμαρ-

129 1112 249 1166 τάνουςι.
282 1113 390 1177 λέγεται
409 1112 439 1164 δέ
455 1113 498 1165 καί
512 1113 654 1178 πρέςβεων
669 1114 713 1164 καί
727 1099 904 1177 πρεςβευτὼν
919 1113 1058 1178 ἑκατέρω(
1071 1112 1147 1176 παρὰ

129 1207 188 1254 τοῖς
203 1201 338 1267 ῥήτορςιν.
367 1202 422 1254 ἐςτι
441 1201 471 1254 δέ
489 1201 523 1253 τὸ
539 1201 589 1265 μέν
603 1202 833 1266 καθωμιλημένον
847 1203 891 1254 καί
907 1201 1067 1267 Ἑλληνικὴν
1082 1200 1147 1253 ἀνα-

129 1289 225 1354 λογίαν
240 1293 336 1358 ςῷῑον,
351 1290 420 1342 όταν
435 1289 529 1342 είπωςι
543 1291 674 1356 πρέςβεις,
690 1289 850 1356 εόρίςκομεν
865 1291 896 1343 δέ
911 1293 956 1343 καί
967 1290 1145 1355 πρεςβευτόις.
1163 1304 1187 1341 ιο

150 1485 152 1492 ,
200 1430 266 1485 Lnx.
286 1450 307 1484 s.
328 1449 422 1491 va.
442 1449 469 1500 p.
491 1436 550 1498 192,
568 1437 614 1484 26:
634 1433 893 1499 προδανειςτής·
914 1433 929 1484 ό
950 1431 1011 1484 ἀντὶ
1029 1436 1081 1485 τοί)
1101 1434 1147 1485 δα-

129 1522 289 1586 νειζομένου
309 1521 487 1588 γραφόμενος
504 1523 558 1586 τὴν
577 1521 735 1586 ὁμολογίαν,

202 1661 299 1716 Svas
320 1661 365 1731 (cf.
384 1661 437 1715 lex.
458 1661 483 1715 S.
504 1664 595 1730 quari.
615 1680 642 1731 p.
664 1667 724 1728 186,
739 1665 797 1728 21):
817 1663 1032 1729 προδικαςία·
1054 1662 1080 1716 οί
1098 1664 1148 1716 τός

130 1753 175 1831 ἐπὶ
198 1753 279 1822 φόνῳ
304 1752 380 1806 δίκας
404 1753 602 1818 ἐγκαλούμενοι
626 1753 655 1805 ἐν
674 1752 833 1821 πρυτανείῳ
852 1753 906 1818 πρὸ
926 1756 977 1818 τῆς
995 1751 1073 1818 δίκης
1091 1754 1147 1806 δια-

129 1845 254 1908 τελρῦςιν
273 1841 318 1894 ἐπί
335 1847 409 1907 τρεῖς
428 1845 529 1908 μῆνας,
554 1842 584 1894 ἐν
603 1841 646 1896 οἷς
665 1842 693 1895 ἐξ
712 1843 844 1908 ἑκατέρου
865 1843 966 1907 μέρους
984 1842 1063 1905 λόγοι
1080 1857 1147 1907 προ·
1164 1855 1188 1892 15

130 1930 253 2004 όγονται.
290 1931 376 1984 τοῦτό
396 1946 462 1996 φαςι
480 1931 666 1996 προδικαςίαν.

132 2077 136 2091 “
201 2071 267 2125 Lux.
287 2091 308 2126 s.
329 2091 423 2133 va.
443 2091 471 2140 p.
493 2077 553 2139 193,
571 2077 616 2125 12:
636 2074 699 2139 πρό
720 2072 914 2126 Εὐκλείδου·
936 2074 1029 2138 ἄρχων
1048 2074 1083 2138 ἠν
1103 2073 1148 2124 οὓ-

129 2178 186 2229 τος,
206 2165 251 2215 καί
269 2163 324 2228 πρὸ
344 2164 431 2216 αὐτοῦ
452 2163 647 2215 ἐπολιτεύοντο
666 2165 711 2216 καὶ
731 2163 756 2215 οἱ
774 2163 915 2228 τυχόντες.

202 2303 300 2356 svms
321 2302 365 2371 (cf.
385 2302 438 2357 lex.
459 2302 485 2357 S.
505 2305 596 2371 quart.
616 2322 642 2371 p.
664 2307 724 2368 199,
740 2305 797 2372 28):
816 2304 1026 2371 Προηρόςια·
1046 2303 1074 2356 αί
1092 2303 1147 2369 πρὸ

129 2398 180 2446 τοῦ
205 2394 309 2459 ἀρότου
332 2393 475 2458 γινόμεναι
499 2393 588 2447 θυςίαι
610 2396 673 2459 περὶ
695 2398 753 2446 τῶν
778 2394 937 2458 μελλόντων
961 2394 1066 2446 ἐςεςθαι
1084 2408 1148 2458 καρ-
1163 2406 1188 2444 ιο

129 2487 200 2548 πῶν,
220 2483 290 2534 ὣςτε
308 2485 537 2548 τελεςφορεῑςθαι.
572 2482 682 2545 ἐγένετο
702 2483 732 2535 δέ
752 2482 808 2534 ὑπὸ
824 2481 978 2547 Ἀθηναίων
995 2481 1065 2546 ὑπὲρ
1079 2481 1147 2533 πάν-

129 2587 189 2622 των
222 2570 359 2636 Ἑλλήνων
391 2571 502 2638 πέμπτῃ
535 2570 691 2636 ὀλυμπιάδι.
734 2571 895 2636 Λυκοῦργός
927 2585 1011 2636 φηςιν
1044 2570 1075 2622 ἐν
1106 2574 1146 2637 τῷ

132 2659 205 2712 Κατὰ
224 2653 415 2724 Μενεςαίχμου
435 2657 477 2726 (fr.
498 2657 603 2727 84Β1.)
627 2659 683 2712 ίκαί
701 2660 754 2725 γὰρ
773 2663 824 2711 νόν
842 2659 946 2711 πολλός
965 2661 1009 2710 καί
1029 2658 1147 2723 μεγάλας

130 2748 195 2813 ὑμῖν
213 2748 293 2814 τιμὰς
312 2747 431 2814 όφείλω·
456 2750 500 2800 καί
520 2751 594 2813 ζηλῶ
613 2748 688 2814 παρὰ
706 2753 787 2801 πᾱςιν
806 2747 913 2812 Ἕλληςι
933 2747 1147 2811 μαντευομένοις

129 2837 181 2889 τὸν
199 2836 254 2890 Δία
272 2837 442 2910 προηροςίαν
453 2835 641 2903 ·ποιήςαςθαι’.
1163 2851 1188 2890 25

203 2977 365 3046 Sv1nis(cf.
389 2977 443 3031 lex.
468 2977 494 3031 S.
519 2981 610 3045 quari.
635 2997 662 3047 p.
684 2983 744 3045 193,
764 2981 802 3047 ’ίμ
831 2979 1073 3045 προκαταβολὴ
1103 2980 1148 3029 καί

130 3068 432 3134 προςκατόβλημα·
465 3072 524 3120 τιίιν
551 3071 640 3121 τελῶν
668 3069 898 3134 πιπραςκομένων
927 3069 979 3120 δύο
1005 3068 1148 3134 προθέςεις

131 3156 257 3210 ἐδίδοντο
276 3155 336 3210 ’τοῖς
355 3157 533 3223 ὠνουμένοις,
553 3157 583 3209 ἐν
602 3156 646 3210 αἷς
660 3157 745 3223 ἐχρῆν
760 3156 944 3224 είςενεχθῆναι
957 3157 991 3208 τό
1006 3156 1146 3224 ἀργύριον.

131 3241 201 3312 ὅπερ
220 3246 271 3298 οιίν
292 3247 374 3312 μέρος
393 3245 552 3312 χρημάτων,
571 3247 635 3311 πρίν
654 3245 785 3312 όρξαςθαι
798 3250 849 3299 τοί)
864 3247 956 3312 ἐργου,
977 3245 1148 3312 είςφέρουςιν

203 3462 219 3509 6
242 3457 371 3527 πρέσβεις
403 3454 643 3530 <παροξυτόνως>
676 3456 897 3523 Radermacher,
928 3457 1041 3529 πρέαβις
1071 3457 1146 3514 libri.

132 3534 165 3581 19
185 3526 348 3598 Προηρόσια
363 3527 483 3597 Sauppe,
499 3526 672 3597 Προηροσίαι
687 3529 761 3582 libri.
834 3535 868 3582 20
883 3526 986 3597 ἀρότου
1001 3529 1146 3594 Mennim,

131 3598 252 3667 ἀρότρου
271 3599 346 3653 libri.
420 3605 525 3654 23—25
544 3600 640 3668 ,uerba
658 3600 780 3672 Lycurgi
798 3599 1019 3669 οοτιιιρίίαυίιιιιιι
1038 3600 1126 3654 Blass.
