2666 3910
177 169 221 233 24
485 172 535 223 ΠΙ.
555 172 679 222 ΤΕΧΝΗ
697 173 882 222 ΡΗΤΟΡΙΚΗ

179 383 182 390 ,
225 321 290 387 *38
311 328 431 395 ernmn.
447 338 466 382 v
483 336 524 394 11,
539 337 568 383 8:
589 369 613 383 ..
628 336 660 384 αι
672 331 698 384 si
712 332 774 398 omis
789 329 889 397 diesim
908 331 1077 401 Dionysium
1091 331 1193 386 ideirco

173 425 263 486 petere
280 419 406 472 custodes·
419 419 519 473 solutis
535 436 611 484 suae,
630 425 660 473 mt
678 436 770 474 corum
788 419 903 474 adiutus
918 421 1004 474 armis
1017 421 1192 490 tyrannidem

176 514 297 576 usurpet,
322 508 371 562 hoc
395 508 496 574 referat
521 508 683 576 coemptum,
707 508 798 562 eodem
824 509 931 562 rotiom
954 510 1132 563 Pisistratum
1155 509 1193 562 ad

176 597 389 650 dominationem
405 597 568 665 permemsse.

247 737 300 792 hoc
315 737 473 807 exemplum
493 738 611 808 originis
625 739 811 792 Aristotelem
831 739 932 808 (rheti
948 745 963 791 2
978 758 1004 808 p.
1018 741 1100 792 1357*
1116 743 1192 805 30ss)

177 829 226 880 est.
301 827 376 881 idem
395 828 471 896 apud
489 829 667 896 Anonymum
682 827 884 896 Seguerinnum
902 831 1002 894 exstat,
1021 828 1089 882 uide
1103 827 1136 881 fr.
1150 832 1193 892 39,

177 921 272 969 9-11.
332 915 472 970 communi
486 916 572 981 fonte,
592 916 701 970 scilicet
716 914 846 982 Caecilio,
865 919 1014 986 utrumque
1029 917 1193 986 scriptorem

175 1023 257 1058 usum
277 1021 336 1059 esso
356 1006 524 1058 Anonnnsrn
542 1005 560 1059 l.
581 1022 603 1058 o.
623 1024 650 1074 p.
667 1010 700 1058 45
716 1008 771 1075 (54)
791 1005 930 1074 opinatur.

150 1217 162 1253 n
226 1193 290 1260 *39
318 1203 404 1255 Auos.
426 1220 501 1255 ερον.
523 1206 572 1254 lto
596 1219 623 1270 p.
644 1205 686 1268 30,
708 1208 721 1254 1
742 1199 801 1256 Gr:
825 1203 1000 1269 παράδειγμά
1028 1204 1083 1257 tem
1111 1205 1194 1267 λόγο(

176 1291 232 1344 ἀπὸ
257 1296 316 1344 τῶν
342 1292 412 1344 κατὰ
439 1292 521 1357 μέρο(
547 1293 609 1356 ἤτοι
636 1291 680 1344 ἐπὶ
704 1291 738 1344 τὸ
763 1293 832 1345 κατὰ
854 1293 937 1359 μέρος
963 1293 1076 1355 ἐπάγων
1103 1296 1121 1359 ἢ
1150 1293 1194 1345 inl

175 1381 208 1432 τὸ
237 1381 366 1446 καθόλου,
396 1382 413 1446 ἢ
442 1380 497 1433 ἀπὸ
525 1384 576 1432 τοῦ
605 1380 704 1444 ὁμοίου
733 1381 777 1434 ἐπὶ
805 1381 838 1433 τὸ
868 1383 979 1448 ὅμοιον,
1009 1383 1048 1435 ilic
1076 1383 1132 1448 ἔχει
1158 1383 1193 1434 τὰ

175 1470 371 1536 προειρημένα.

247 1555 323 1610 idem
343 1560 395 1609 154
414 1573 440 1624 p.
456 1561 499 1622 29,
516 1562 548 1610 18
564 1555 622 1610 Gn:
652 1601 656 1611 .
675 1601 679 1611 .
700 1557 761 1612 οἷον
779 1563 830 1613 τοῦ
850 1559 911 1612 τινὰ
930 1560 1109 1625 δορυφόρου(
1128 1561 1194 1624 λαμ-

137 1661 161 1698 1ο
177 1646 297 1710 βάνοντα
321 1647 501 1712 τυραννήεειν
524 1647 697 1713 παράδειγμά
722 1648 776 1701 έετι
795 1647 988 1714 Πειείετρατο(
1012 1650 1056 1701 καί
1075 1648 1195 1713 Φάλαρι(

177 1737 221 1787 καὶ
240 1736 393 1788 Διονύαοε.

247 1893 274 1929 u.
290 1881 376 1929 9-11
396 1875 454 1929 ium
473 1893 558 1945 supre
577 1877 668 1946 tetigi,
688 1877 754 1932 uide
769 1876 802 1932 fr.
819 1883 860 1932 38.
925 1877 1010 1931 etium
1030 1897 1056 1931 n.
1072 1883 1140 1930 5—t
1161 1893 1194 1930 ex

176 1964 328 2018 Aristotele
341 1964 428 2033 ·(rhet.
443 1973 454 2019 Ι
469 1971 484 2018 2
500 1984 527 2034 p.
544 1966 626 2018 ltoil
643 1971 676 2018 26
687 1969 723 2035 ss)
743 1967 839 2021 hausti
857 1970 935 2032 snut;
954 1983 1040 2036 quare
1060 1982 1107 2020 eos
1126 1983 1195 2035 quo-

177 2071 230 2121 que
249 2055 417 2106 Anonnmru
436 2054 454 2107 l.
475 2071 497 2107 c.
518 2073 544 2123 p.
561 2061 594 2108 ot
616 2053 738 2109 Caecilio
757 2048 924 2110 niudioituit.

225 2241 291 2308 *40
309 2249 430 2315 varrn.
446 2258 465 2302 v
482 2255 523 2318 12,
539 2255 567 2303 9:
586 2250 631 2303 his
646 2251 762 2318 quidum
776 2252 958 2321 probationes
973 2251 1108 2318 adiciunt,
1124 2268 1194 2320 quus

177 2338 339 2408 παθητικάς
361 2339 478 2406 nocent,
505 2339 604 2392 ductes
628 2355 662 2392 ex
685 2340 856 2405 adfectibus,
881 2343 966 2409 utque
984 2339 1195 2394 Aristoteles

178 2427 257 2496 (rhet.
278 2435 288 2481 Ι
308 2433 323 2479 2
342 2445 369 2496 p.
388 2432 468 2481 1356·
484 2430 527 2496 13)
555 2428 691 2496 quidem
719 2429 1002 2498 potentissimum
1029 2431 1130 2499 putat
1157 2445 1196 2483 ex

138 2532 227 2584 15e0‚
260 2517 318 2585 qui
347 2515 448 2584 dicit,
481 2516 510 2569 si
538 2517 584 2570 sit
611 2518 665 2571 uir
692 2518 814 2572 bonus:
848 2519 937 2586 quod
964 2520 1002 2571 ut
1029 2518 1194 2587 optimum

96 2668 102 2679 ‚
177 2608 241 2672 est,
264 2605 315 2658 ita
338 2606 439 2674 longe
462 2606 611 2674 quidem,
636 2609 691 2661 sed
718 2608 877 2676 seqnitur
900 2610 1014 2661 temen
1040 2607 1194 2662 ‘uideri’.

177 2696 232 2763 (10)
253 2737 257 2746 .
275 2737 280 2748 .
301 2694 347 2748 cui
374 2693 464 2747 simile
490 2695 626 2764 quiddam
652 2696 752 2751 fecisse
777 2696 974 2766 Iphicrates
1000 2696 1116 2761 dicitur,
1146 2697 1195 2764 qui

177 2799 249 2836 oum
268 2783 566 2852 Aristophontem,
592 2803 657 2854 qno
682 2788 869 2840 accusante
894 2784 1021 2839 similis
1040 2785 1195 2840 criminis

178 2887 253 2925 reus
273 2875 360 2939 erat,
383 2871 649 2943 interrogasset,
673 2891 713 2928 cn
737 2874 766 2928 is
790 2876 934 2942 accepts
957 2875 1105 2944 pecunie
1128 2891 1195 2930 rem

137 2959 353 3028 mpubliosm
377 2962 579 3029 proditurus
604 2965 707 3030 esset,
731 2963 828 3032 isque
851 2963 886 3016 id
905 2966 1079 3034 negasset:
1106 2965 1196 3032 quod

178 3048 300 3118 igitur,
320 3048 448 3119 inquit,
468 3053 504 3104 tu
522 3069 587 3105 uon
605 3051 762 3120 fecisses,
783 3068 845 3120 ego
864 3052 950 3107 feci?

251 3192 337 3245 etiem
355 3193 510 3260 posteriorc
527 3196 608 3262 perte
626 3193 710 3246 huius
731 3193 786 3247 loci
806 3193 997 3258 Quintilianus
1015 3195 1196 3249 Aristotelem

179 3281 260 3347 (rhet.
280 3289 302 3334 ΙΙ
322 3286 354 3334 23
374 3300 401 3350 p.
419 3287 500 3335 1398·
514 3286 578 3351 iss)
603 3283 633 3335 in
654 3299 736 3335 usum
759 3285 851 3338 uocet.
960 3286 1037 3338 totus
1058 3283 1136 3336 locus
1159 3284 1196 3336 ab

179 3371 364 3424 Anonnunnno
383 3370 402 3423 l.
422 3388 444 3424 c.
464 3390 491 3440 p.
507 3377 541 3426 45
561 3371 683 3426 Caecilio
703 3371 857 3425 attributus
876 3374 926 3425 est.

253 3552 268 3600 9
287 3547 367 3611 τινὰς
384 3549 415 3616 Ρ,
434 3565 502 3604 corr.
523 3549 645 3620 Segnior.
