2666 3910
185 163 275 216 xxvi
586 163 802 216 Puooumvu

185 333 312 391 Plotius
336 331 459 391 Caecilii
481 333 631 404 meminit,
655 333 820 406 comparati
844 331 988 391 orationis
1011 332 1121 409 colore,
1144 333 1205 394 elo·

186 422 313 497 cutione,
335 423 461 494 ratione,
480 421 548 478 aliis
567 424 743 498 congruunt,
761 422 879 480 etiamsi
897 419 1021 480 Photius
1041 419 1204 480 Caecilium

185 512 361 570 nominatim
381 528 442 568 non
461 509 602 586 appellat,
620 513 722 569 tamen
741 510 780 568 ad
796 508 956 569 Caecilium
976 511 1087 570 referre
1101 511 1203 584 liceat3

186 599 291 658 deinde
315 600 395 675 quod
418 599 537 676 saepius
560 599 659 658 lucide
682 598 879 658 demonstrari
898 602 999 675 potest
1016 599 1204 676 Dionysium,

185 689 221 748 de
245 708 305 765 quo
328 689 454 748 fortasse
477 689 603 767 cogitari
626 691 733 765 possit,
762 690 875 747 fontem
897 688 1000 748 Photii
1021 708 1081 749 non
1104 689 1205 764 fuisse,
1326 717 1328 724 ⁴

185 798 253 837 oum
280 779 371 838 huius
397 777 490 837 uerba
517 779 606 854 plane
634 777 830 837 aduersemur
855 779 907 852 iis,
938 796 1015 853 quae
1042 778 1205 856 Dionysius

186 867 267 926 dicit.
313 867 413 927 Etiam
442 868 491 926 hic
519 867 807 945 argumentationem
834 887 894 926 non
917 885 1032 943 semper
1055 867 1093 927 ad
1115 869 1203 926 finem

184 974 305 1033 prorsus
329 951 443 1016 certum
464 956 587 1032 perduci
609 975 695 1032 posse
717 975 772 1032 per
794 975 825 1015 se
847 956 1039 1015 manifestum
1063 959 1116 1018 est.

253 1044 310 1104 Sed
333 1047 395 1105 alia
418 1046 570 1118 accedunt,
590 1046 696 1120 quibus
715 1045 909 1105 difficultates
927 1049 1081 1124 augentur.
1127 1047 1203 1106 Pho—

183 1137 263 1195 tium
282 1134 404 1195 Caecilii
424 1136 518 1211 ipsius
537 1134 608 1193 libri
626 1135 749 1194 lectioni
766 1137 889 1194 minime
907 1135 1071 1210 occepisse,
1095 1136 1146 1195 sed
1165 1137 1203 1194 ab

185 1223 252 1284 aliis
275 1227 415 1300 excerpta
438 1226 466 1282 ei
488 1228 607 1300 praesto
631 1225 724 1282 fuisse
745 1225 807 1283 iem
830 1243 920 1300 supra
943 1225 1013 1282 dixi.
1050 1225 1123 1284 Inde
1141 1225 1203 1284 effi-

184 1315 270 1388 citur,
293 1317 330 1372 ut
349 1312 528 1390 Caeciliana,
552 1332 628 1390 quae
650 1312 757 1372 Photio
777 1313 930 1388 debentur,
951 1314 1081 1388 plurima
1100 1315 1204 1394 decur-

184 1406 250 1462 tata
282 1421 345 1462 esse
378 1405 407 1462 et
438 1421 537 1461 rerum
565 1404 665 1478 capita
692 1403 899 1463 tantummodo
928 1406 958 1462 et
985 1405 1112 1463 strictim
1140 1405 1201 1479 opi·

185 1495 287 1551 niones
312 1491 435 1550 Caecilii
456 1493 554 1567 repeti
576 1492 767 1550 statuendum
790 1494 838 1551 sit.
875 1491 971 1567 Atqui
993 1493 1049 1551 hoo
1070 1493 1199 1551 animati

183 1581 360 1641 uertendum
383 1584 428 1640 est
451 1581 561 1641 selecta
580 1579 759 1656 Caeciliana,
782 1582 889 1657 quibus
908 1582 1033 1640 Photius
1055 1601 1126 1642 usus
1150 1585 1202 1656 est
1324 1645 1328 1664 ff

184 1671 294 1730 bonam
318 1674 348 1729 et
370 1670 489 1730 doctum
511 1671 705 1729 traditionem
727 1672 760 1728 in
783 1673 957 1730 uniuersum
975 1671 1108 1746 prodere.
1146 1671 1204 1730 Sed

184 1763 276 1819 etiam
299 1760 355 1819 hoc
378 1763 491 1818 eertum
515 1762 545 1818 et
567 1761 675 1818 summi
695 1763 839 1820 momenti
857 1762 903 1820 est
920 1761 1062 1818 Photium
1080 1763 1112 1818 in
1130 1761 1202 1820 uitis

184 1850 244 1908 suis
267 1851 386 1925 praeter
404 1849 712 1925 Pseudoplutarchum
733 1852 764 1907 et
782 1848 905 1908 Caecilii
924 1852 1062 1924 excerpta
1081 1869 1115 1908 ex
1134 1851 1202 1908 aliis

184 1939 316 1998 fontibus
344 1938 486 1998 hausisse.
536 1937 605 1995 Sine
633 1937 724 1996 dubio
753 1937 880 1996 aliorum
908 1941 1062 1998 auctorum
1090 1939 1203 2014 placita

184 2028 222 2086 ad
249 2046 355 2088 manus
383 2027 525 2100 habebat3
553 2046 623 2085 nem
650 2027 869 2086 eoncedendum
891 2031 937 2087 est
961 2046 1021 2086 non
1044 2046 1129 2103 posse
1152 2029 1202 2087 de·

183 2117 352 2191 monstrari,
376 2117 520 2175 aPhotio
544 2116 661 2174 nullum
684 2119 804 2191 praeter
826 2118 924 2192 ipsum
945 2116 1115 2192 Caecilium,
1139 2119 1202 2176 siue

183 2208 280 2264 mauis
304 2206 399 2265 dicere
421 2209 541 2281 praeter
560 2204 730 2264 Caeciliana
751 2209 898 2282 excerpta,
921 2207 1035 2265 fontem
1052 2207 1084 2264 in
1103 2207 1201 2265 rheto-

182 2295 252 2354 ricis
279 2295 430 2371 partibus,
461 2313 536 2370 quas
563 2294 689 2353 Photius
716 2297 835 2354 nomine
864 2297 973 2354 omisso
1001 2295 1118 2370 attulit,
1151 2296 1201 2354 ad·

183 2385 328 2461 hibuisse;
357 2403 433 2460 quae
457 2384 582 2442 Photius
605 2383 740 2459 praebet,
767 2386 812 2442 est
834 2385 992 2459 permixtio
1016 2385 1202 2444 diuersorum

182 2475 312 2533 fontium
335 2475 547 2548 excerptorum.
594 2473 680 2541 Quod
703 2474 897 2549 comprobato
921 2493 979 2533 non
1002 2473 1124 2532 difficile
1147 2477 1201 2533 est.

182 2564 261 2622 Nam
288 2566 498 2640 praeterquam
526 2562 606 2638 quod
631 2562 756 2622 Photius
783 2562 847 2639 ipse
875 2581 905 2622 se
934 2563 1003 2622 aliis
1030 2563 1201 2622 auctoribus

182 2653 228 2710 uti
251 2654 353 2727 aperte
377 2651 535 2729 significat,
558 2653 649 2710 aliam
672 2652 710 2711 iis
733 2653 815 2724 locis,
838 2653 891 2710 ubi
910 2653 1039 2711 aliorum
1056 2655 1202 2712 recentio-

182 2761 249 2800 rum
272 2741 402 2800 fontium
424 2741 509 2799 nulla
530 2741 643 2800 mentio
667 2743 804 2815 occurrit,
828 2742 903 2800 alios
926 2743 1024 2800 fontes
1043 2761 1201 2819 agnoscere

183 2849 347 2906 possumus.
383 2830 450 2888 Huc
473 2832 596 2905 spectat,
621 2834 656 2889 ut
679 2830 845 2904 exemplum
869 2832 1000 2905 afferam,
1023 2830 1107 2890 Phot.
1129 2831 1201 2889 bibl.
1325 2853 1326 2874 1

183 2919 245 2980 cod.
266 2922 329 2979 265
349 2939 377 2995 p.
393 2921 473 2978 491²
490 2921 628 2991 22—28‚
650 2921 733 2978 locus
756 2921 904 2995 imprimis
927 2919 1043 2998 dignus,
1067 2923 1121 2996 qui
1141 2941 1202 2979 me·

184 3012 321 3068 moretur.
367 3009 427 3067 Vbi
456 3007 578 3067 Caecilii
606 3009 771 3068 doctrinam
800 3027 860 3067 non
890 3009 1009 3068 subesse
1038 3027 1092 3086 pro
1121 3013 1200 3069 certo

183 3098 332 3156 affirmare
355 3115 511 3174 possumus
535 3090 617 3177 (uide
641 3099 865 3157 adnotationem
888 3117 985 3157 meam
1004 3097 1042 3156 ad
1060 3100 1097 3157 fr.
1113 3089 1202 3179 141),
1324 3133 1325 3166 2

183 3189 275 3246 immo
304 3186 463 3246 admodum
491 3188 653 3246 uerisimile
680 3191 725 3246 est
747 3187 885 3263 Dionysii
907 3187 1113 3248 Halicarnasei
1136 3207 1200 3247 sen-

182 3278 308 3335 tentiam
323 3275 372 3335 hic
386 3279 510 3336 exstare.
533 3277 574 3335 ut
591 3277 665 3336 bene
684 3276 802 3350 accidit,
817 3275 898 3352 quod
914 3279 947 3335 in
964 3276 1011 3349 iis,
1027 3295 1103 3352 quae
1121 3275 1201 3354 apud

183 3365 322 3424 Photium
337 3367 441 3424 statim
456 3369 621 3441 sequuntur
635 3359 677 3446 (p.
687 3367 767 3425 491⁸
778 3367 898 3424 29-39
909 3389 942 3411 ==
952 3358 1083 3448 fellat
1098 3371 1202 3427 contra

183 3453 308 3514 eundem
327 3455 507 3530 Dionysium
529 3455 616 3514 modo
638 3455 832 3531 compilatum
850 3457 1028 3531 argumente
1046 3457 1200 3530 proferun-

182 3547 240 3602 tur.
277 3543 400 3617 Deinde,
423 3545 503 3620 quod
527 3545 723 3604 conformatio
746 3545 875 3620 proximi
895 3543 1033 3602 Phcliani
1053 3547 1201 3605 mactatus
