2666 3912
135 230 195 280 VH.
215 230 303 281 ΠΕΡΙ
320 229 396 281 ΤΟΤ
413 231 655 283 ΧΑΡΑΚΤΗΡΟΣ
673 232 748 282 ΤΩΝ
766 233 862 284 ΔΕΚΑ
879 233 1051 284 ΡΗΤΟΡΩΝ
1086 231 1150 296 105

132 389 320 456 Ἀρρηφόρων
343 390 493 457 κελητίζων
516 393 557 444 ἔτι
579 397 644 445 παῖς
667 393 716 458 ιίιν,
740 393 780 445 ιίις
803 393 882 446 εἰπόν
904 408 984 446 τινες.
1114 395 1150 459 ἠν

131 477 156 530 δ’
183 480 271 533 αὐτοῡ
303 481 348 532 καί
379 482 489 546 γραπτὴ
523 479 605 533 εἰκὼν
638 481 668 534 έν
700 487 741 549 τῷ
774 481 918 551 Πομπείιμ.
1039 482 1151 548 έποίηςε

7 567 8 576 ’
35 633 44 646 ι
131 568 293 636 (Ἀφαρεύς)
313 569 343 620 δέ
363 571 407 621 καί
424 569 581 638 τραγῳδία(
599 573 662 636 περί
680 571 751 623 έπτὰ
770 573 814 623 καί
831 571 993 637 τριάκοντα,
1017 572 1058 624 ὡν
1077 571 1151 624 ἀντι-

131 657 259 720 λέγονται
287 657 346 710 δίιο.
390 657 543 724 ἀρξάμενος
570 657 596 710 δ’
623 659 679 712 ἀπό
707 659 892 725 Λυςιςτράτου
925 659 1060 713 διδάςκειν
1087 662 1184 726 ἀχριά

14 769 19 774 -
132 745 301 809 (ωςιγένους
325 746 354 799 ἐν
378 748 464 800 έτεςιν
489 747 587 801 εἴκοςιν
611 748 686 800 ὀκτὼ
708 748 881 802 διδαςκαλίας
900 749 1010 802 ἀςτικὰς
1029 753 1150 815 καθῆκεν
1178 766 1193 805 5

132 835 172 901 ἕξ,
197 837 242 887 καί
266 837 307 888 δίς
331 835 437 901 ἐνίκηςε
460 837 506 888 διὰ
524 837 674 890 Διονυςίου
698 839 790 890 καθείς
815 839 859 890 καί
878 837 913 890 δι’
932 838 1035 904 ἑτέρων
1054 839 1150 904 ἑτέρας

132 925 183 976 δύο
202 924 349 990 Ληναϊκάς.
386 929 438 992 τῆς
456 926 487 979 δέ
507 926 611 992 μητρός
630 926 725 979 αὐτῶν
746 926 914 992 Ἰςοκράτους
937 930 982 980 καί
1001 928 1151 994 Θεοδώρου

131 1015 177 1065 καί
194 1017 246 1078 τῆς
263 1014 369 1079 ταύτης
388 1014 512 1081 ἀδελφῆς
527 1016 636 1068 Νακοῦς
655 1014 759 1069 εἰκόνες
778 1015 919 1068 ἀνέκειντο
939 1016 970 1068 ἐν
989 1016 1148 1082 ἀκροπόλειι

132 1102 173 1155 ὧν
192 1103 209 1167 ἡ
224 1105 276 1168 τῆς
291 1103 396 1168 μητρός
409 1104 485 1169 παρὰ
497 1105 551 1170 τὴν
566 1103 687 1167 Ὑγίειαν
700 1109 752 1156 νον
766 1110 853 1157 κεῖται
868 1107 1151 1172 μετεπιγεγραμμένη,

131 1192 149 1256 ἡ
174 1192 205 1244 δέ
226 1193 334 1244 Νακοῠς
357 1192 391 1244 οὐ
415 1193 538 1259 ςῴζεται.
576 1193 637 1258 ἔςχε
660 1194 691 1246 δέ
715 1195 766 1246 δύο
790 1191 875 1260 υίούς,
901 1193 1081 1261 Ἀλέξανδρον
1101 1195 1151 1259 μέν
1166 1211 1194 1249 ιο

131 1281 163 1333 ἐκ
181 1280 297 1346 Κόννου,
317 1280 453 1334 (ωςικλέα
471 1281 497 1333 δ’
515 1281 546 1334 ἐκ
565 1280 674 1335 Λυςίου.

202 1402 277 1457 hunc
291 1401 392 1467 locum,
410 1404 458 1472 qui
474 1404 656 1459 Heliodorum
670 1412 707 1475 (p.
724 1411 783 1472 104,
800 1412 833 1460 14
848 1438 883 1445 -
898 1411 958 1472 105,
973 1411 990 1458 2
1005 1408 1033 1460 el
1047 1425 1074 1475 p.
1092 1410 1151 1472 105,

134 1498 220 1545 7-11
241 1509 257 1546 ο
274 1492 348 1545 libro
368 1494 439 1562 Περὶ
458 1492 535 1566 (τῶν
551 1490 707 1567 Ἀθήνησι)
726 1493 890 1564 μνημάτων,
918 1513 946 1564 p.
967 1500 1028 1562 105,
1047 1500 1116 1548 2-7
1137 1511 1152 1548 e

132 1580 205 1633 libro
225 1582 297 1647 Περὶ
313 1590 370 1635 τῶν
385 1577 514 1652 Ἀθήνησι
531 1581 683 1654 τριπόδων)
706 1586 817 1652 patrem
840 1583 999 1652 profitetur,
1030 1583 1153 1638 Caecilio

134 1669 231 1724 deberi
249 1670 320 1723 Km
333 1670 450 1726 Hermes
464 1680 531 1726 XXX
549 1691 576 1741 p.
592 1677 643 1726 203
652 1690 679 1726 ss
699 1676 790 1741 (2351.
811 1676 873 1742 231)
893 1673 1024 1727 ostendit.

202 1858 271 1926 121
294 1866 415 1920 Ριιονινι
429 1867 499 1922 bibl.
514 1869 574 1924 cod.
591 1874 642 1922 260
656 1889 684 1938 p.
701 1874 827 1924 487²13:
846 1872 978 1938 ςανέθηιιε
994 1873 1087 1936 μέντοι
1101 1872 1152 1924 τόν

132 1957 344 2025 Πανηγυρικόν,
370 1958 397 2011 οἱ
421 1960 470 2024 μέν
493 1960 563 2014 έτεςί
586 1977 653 2026 φαςι
676 1961 756 2028 δέκα,
783 1961 809 2014 ol
828 1962 859 2014 δέ
878 1961 922 2013 έπί
940 1961 1051 2014 τούτοις
1071 1961 1152 2028 ἕτερα

133 2047 223 2100 πέντε.
262 2047 351 2101 καίτοι
376 2047 489 2114 Γοργίου
512 2054 563 2102 τοο
587 2050 738 2103 Λεοντίνου
762 2051 807 2103 καί
830 2050 931 2103 Λυςίου
956 2055 1015 2103 τῶν
1034 2051 1153 2116 ἐνθυμη-

135 2136 231 2200 μάτων
255 2139 300 2189 καί
323 2137 543 2203 ἐπιχειρημάτων
565 2144 662 2205 μικροῦ
682 2141 819 2207 μεταβολὴ
840 2141 990 2205 καθέςτηκε
1009 2141 1054 2192 καί
1073 2139 1153 2204 μετά·
1167 2156 1195 2195 15

134 2230 205 2279 θεςις
233 2226 248 2277 ό
276 2227 465 2292 πανηγυρικὸς
494 2226 662 2293 Ἰςοκράτοιις
690 2229 780 2292 λόγος.
828 2231 969 2295 διατρῖψαι
999 2227 1024 2280 δ’
1051 2229 1085 2281 όν
1112 2243 1153 2279 τις

135 2314 241 2380 οἰηθείη
271 2315 376 2381 μακρόν
404 2316 480 2368 οὕτω
507 2317 609 2382 χρόνον
634 2321 686 2369 τοῦ
705 2317 905 2390 Πανηγυρικοῦ
931 2318 1153 2384 προςεδρεύοντα

133 2403 184 2456 τόν
208 2404 314 2469 ῥήτορα
336 2409 371 2472 τῇ
394 2404 515 2472 ςυνθὴκῃ
535 2406 580 2457 διόι
598 2405 631 2457 τό
650 2409 701 2471 τῆς
719 2408 820 2460 λέξεως
838 2407 1089 2471 κατεςκευαςμένον
1108 2406 1153 2457 καί

134 2493 276 2559 περιττόν,
299 2495 343 2546 καί
366 2494 412 2546 διὰ
433 2496 487 2558 τὴν
507 2492 544 2546 είς
563 2494 704 2560 ἀκρίβειαν
721 2501 780 2548 τῶν
799 2496 947 2561 όνομάτων
967 2494 1085 2560 ἐκλογὴν
1109 2498 1153 2548 καὶ

135 2583 169 2647 δὴ
197 2583 241 2634 καὶ
266 2585 317 2648 τῆς
342 2582 412 2648 πρός
437 2583 542 2648 ἀλληλα
566 2584 678 2636 τούτων
704 2585 849 2651 ςυνθὴκης.
888 2585 956 2637 ἀλλὰ
982 2587 1026 2637 καί
1052 2586 1069 2649 ἡ
1093 2589 1152 2637 τῶν
1167 2601 1195 2639 νο

135 2671 234 2723 κώλων
258 2674 302 2724 καί
324 2671 464 2737 περιόδων
488 2671 532 2724 ἐπί
554 2677 689 2725 τοιοῦτον
712 2659 836 2739 ἀκρίβεια
858 2673 938 2738 ἱκανὴ
962 2675 1152 2727 καταναλῶςαι

135 2760 245 2826 χρόνον.
284 2761 397 2826 μάλιςτα
420 2761 452 2813 δὲ
475 2761 553 2829 αὐτῷ
577 2762 594 2826 ἡ
618 2766 677 2814 τῶν
700 2763 873 2827 πραγμάτων
896 2763 1000 2829 εὕρεςις
1022 2765 1066 2815 καί
1087 2763 1153 2816 διοί-

136 2865 210 2915 κηςις
228 2850 281 2914 τὴν
299 2851 438 2915 τοιαύτην
457 2849 586 2915 άςχολίαν
605 2850 760 2917 ἑνεποίηςε·
778 2852 814 2904 τά
832 2853 886 2918 γὰρ
905 2852 1042 2918 κεφάλαια
1059 2854 1104 2904 καί
1117 2852 1153 2904 τὰ

135 2938 346 3004 ἐπιχειρήματα,
376 2936 417 2991 οῖς
440 2939 456 2990 ό
480 2939 563 3003 λόγος
586 2939 821 3005 οἰκονομούμενος
844 2940 1034 3007 ἀπαρτίζεται,
1064 2940 1088 2993 εί
1111 2957 1153 2994 τις

208 3067 312 3115 14-16
332 3059 366 3115 cf.
385 3059 418 3115 fr.
439 3077 557 3129 sequens
577 3067 681 3115 10-13
701 3066 729 3116 et
747 3063 780 3116 fr.
799 3069 849 3117 166
868 3083 896 3134 p.
912 3069 973 3132 204,
988 3069 1054 3130 21⁸3
1071 3079 1154 3132 prae-

134 3152 213 3204 terea
230 3150 298 3204 uide
317 3150 381 3204 adn.
402 3151 438 3204 ad
457 3150 490 3204 fr.
511 3156 553 3203 89.

208 3333 221 3381 1
242 3325 389 3396 κελητίζων
402 3327 556 3395 Ταιαοδιιε,
576 3327 724 3398 κερητίζων
741 3329 817 3385 libri.
890 3337 906 3386 8
927 3333 955 3384 οδ
972 3337 1005 3384 10
1024 3332 1154 3402 Ναννοῦς]

134 3399 176 3453 nil
195 3401 362 3453 mutandum
381 3403 436 3467 est3
456 3399 491 3454 οί.
511 3400 575 3453 Keil
593 3401 611 3454 l.
632 3419 652 3453 s.
672 3420 699 3470 p.
719 3407 780 3468 203,
800 3407 824 3456 2.
906 3409 938 3457 11
958 3399 1072 3457 Κόννου
1090 3405 1154 3454 Σιο-

135 3469 229 3525 σιιιλέοι
247 3470 310 3525 Keil
329 3472 346 3526 l.
367 3490 388 3526 α,
407 3490 434 3541 p.
455 3477 516 3538 204,
536 3479 561 3538 2,
580 3481 694 3535 κοινοός
712 3473 840 3528 οὐσικλέα
859 3473 933 3527 libri.
1015 3479 1050 3527 20
1068 3487 1153 3542 gene-

133 3543 211 3669 ἰίιιιιὲ
234 3551 283 3612 της
306 3543 449 3670 ἶιῗινθήκης
471 3544 577 3612 pendet
601 3543 636 3598 ab
659 3545 776 3615 ἐκλογὴν
795 3562 831 3598 an
849 3545 900 3614 τὴν
920 3543 1067 3614 συνθήκην
1086 3544 1153 3597 scri-

155 3630 189 3668 en
210 3631 307 3668 umes
