2666 3912
498 225 529 275 v.
549 225 637 274 ΠΕΡΙ
656 224 789 275 worn
1109 221 1149 286 79

241 383 387 451 ἐξῆλθον
401 381 561 451 Ἕκτορός
579 403 612 438 τε
631 384 689 436 καί
709 381 946 452 Σαρπηδόνες·

169 472 218 525 καί
239 472 271 527 τὸ
291 471 489 539 Πλατωνικόν,
512 470 528 527 ὃ
551 472 600 526 καί
623 470 741 538 ἑτέρωθι
763 469 1004 541 παρετεθείμεθα,
1030 471 1151 526 ἐπὶτῶν

169 558 323 629 Ἀθηναίων
338 561 455 630 (Menex.
470 579 497 629 p.
514 561 613 628 245d)·
634 562 671 629 (4)
692 561 738 615 ὀύ
751 560 804 630 γάρ
820 559 944 623 Πέλοπος
958 559 1024 615 οόάλ
1039 561 1152 630 Κάδμοι

170 647 234 706 οὐδ’
254 647 393 719 Αίγυπτοί
415 670 444 705 τε
467 651 516 704 ιιαί
537 651 648 705 Δαναοί
672 646 736 704 ούιλ’
757 648 834 703 ἄλλοι
857 650 953 704 πολλοί
977 649 1059 718 φύσει
1083 649 1151 721 βάρ-

169 741 252 810 βαροι
271 747 449 795 συνοικοῦσιν
468 738 544 808 ἡμῖν,
564 736 623 793 ἀλλ’
641 739 723 792 αύτοί
736 735 876 807 Ἕλληνες,
894 739 929 792 ού
948 738 1150 810 μιξοβάρβαροι
1177 753 1191 792 5

170 828 312 898 οίκοῦμεν’
337 829 386 882 καί
408 828 444 882 τά
469 828 538 896 ἑξῆς.
577 827 660 896 φύσει
683 826 737 897 γὰρ
762 827 924 892 ἐξακούεται
946 826 981 881 τὰ
1001 826 1151 897 πράγματα

168 916 383 985 κομπωὸέστερα
402 916 539 987 ἀγεληδὸν
553 915 642 979 οὕτως
655 924 710 971 τῶν
726 915 870 986 ὀνομάτων
885 915 1148 986 ἐπισυντιθεμίνων.

134 1049 161 1059 ..
180 1009 183 1074 ff
202 1049 207 1059 .
225 1049 230 1059 .
250 1009 287 1074 (1)
301 1005 371 1060 ἀλλὰ
389 1005 444 1075 μὴν
463 1007 511 1060 καί
525 1003 693 1061 τούναντίον
711 1003 751 1059 τά
770 1005 804 1060 ἐκ
823 1015 888 1059 τῶν
906 1009 1149 1074 πληθυντικῶν
1164 968 1243 1094 {33}

133 1095 182 1156 είς
209 1094 248 1148 τὰ
276 1092 374 1149 ἑνικά
402 1092 679 1164 ἐπισυναγόμενα
711 1091 799 1149 ἐνίοτε
827 1092 1146 1164 ύψηλοφανίστατα.

135 1181 263 1239 ’ἔπειθ’
280 1183 298 1252 ἡ
317 1182 582 1254 Πελοπόννησος
600 1182 715 1238 ἅπασα
734 1181 937 1250 ιλιιιστήκιι’
958 1181 1041 1253 φησί
1059 1184 1147 1254 (Dem.
1164 1198 1190 1236 ιο

132 1281 209 1327 xvlll
229 1276 280 1342 18).
328 1274 401 1327 ’καί
433 1272 472 1342 δὴ
508 1269 663 1345 Φρυνίχῳ
696 1274 807 1342 δρᾶμα
839 1272 994 1338 Μιλήτου
1026 1273 1150 1330 ἅλωσιν

134 1361 319 1426 διδάξαντι
345 1361 394 1423 είς
420 1361 552 1429 δάκρυα
571 1381 586 1414 ιι
607 1360 720 1430 (Herod.
740 1369 770 1414 vl
790 1363 834 1429 21)
861 1361 982 1416 ἔπεσον
1008 1361 1039 1415 οί
1063 1363 1150 1416 θεύ-

133 1471 237 1520 μενοι.
283 1451 320 1506 τά
349 1451 384 1506 ἐκ
411 1459 476 1506 τῶν
504 1448 721 1522 διῃρημένων
749 1450 798 1512 είς
824 1448 863 1503 τά
891 1445 1048 1519 ἡνωμένα
1077 1451 1151 1505 ἐπι·
1197 1444 1200 1448 ’

133 1537 321 1609 συστρέψαι
344 1539 403 1594 τὸν
429 1539 581 1608 ἀριθμὸν
600 1538 941 1608 σωματοειιλίστερον.
979 1542 1016 1610 (2)
1036 1539 1150 1595 αίτιον

133 1625 162 1682 θ’
190 1625 235 1683 ἐπ’
263 1628 372 1696 ἀμφοῖν
400 1637 459 1682 τοῦ
487 1625 614 1698 κόσμου
642 1627 767 1682 ταύτὸν
795 1623 902 1696 οἶμαι·
941 1627 1012 1684 ὅπου
1039 1649 1069 1684 τε
1097 1628 1150 1700 γὰρ
1165 1640 1191 1681 15

133 1716 214 1772 ἑνικά
237 1717 357 1789 ὑπάρχει
380 1716 415 1771 τά
439 1717 576 1785 ὀνόματα,
602 1717 633 1771 τὸ
657 1716 745 1771 πολλὰ
763 1726 857 1772 ποιεῖν
876 1717 948 1772 αύτά
966 1718 1045 1787 παρά
1063 1716 1151 1783 δόξαν

135 1806 295 1874 ἐμπαθοῦς,
319 1804 404 1860 ὅπου
423 1825 452 1860 τε
471 1804 579 1877 [ὁπότε]
599 1805 832 1874 πληθυντικά,
857 1807 892 1861 τὸ
917 1807 967 1870 είς
990 1805 1023 1861 όν
1046 1827 1077 1859 τι
1097 1807 1150 1860 εύ-

132 1915 214 1965 ηχον
247 1903 489 1964 σορκορυφούν
516 1894 555 1948 τά
583 1893 726 1949 πλείονα
754 1894 812 1948 διὰ
839 1895 900 1963 τὴν
929 1895 977 1956 είς
1003 1897 1150 1951 τοόναν-

132 1981 205 2038 τίον
229 1983 491 2053 μεταμύρφωσιν
514 1992 578 2038 τῶν
604 1982 812 2052 πραγμάτων
837 1984 871 2039 όν
894 1988 937 2057 τῷ
960 1982 1149 2059 παραλόγῳ.
1165 1998 1191 2038 19

132 2075 201 2127 ὅταν
228 2090 259 2136 γε
289 2076 343 2139 μὴν
370 2075 406 2126 τὰ
432 2074 645 2140 παρεληλυθότα
668 2079 726 2127 τοί(
749 2074 860 2140 χρόνοι(
883 2074 993 2144 εἰσάγῃ(
1016 2077 1055 2129 ιίι(
1077 2077 1150 2139 γινό-
1164 2063 1295 2176 fflmem

133 2179 201 2228 μενα
226 2166 269 2215 καί
291 2163 431 2229 παρόντα,
457 2164 490 2215 οὐ
514 2163 639 2229 διήγησιν
663 2165 703 2216 ἔτι
727 2164 778 2216 τδν
804 2164 888 2227 λόγον
914 2163 974 2217 ἀλλ’
997 2164 1150 2228 ἐναγώνιον
1165 2178 1257 2240 χρόνον

131 2256 245 2318 πρᾶγμα
263 2252 393 2317 ποιήσεισ.
434 2250 599 2305 “πεπτωκὼ(
619 2252 649 2304 δέ
668 2251 719 2304 (ιε’
741 2255 825 2318 φησίν
844 2253 859 2305 ὁ
878 2253 1018 2319 Ξενοφῶν
1040 2250 1149 2321 (Cyrop.

130 2347 172 2392 vn
188 2345 212 2405 1,
227 2341 272 2407 37)
292 2339 359 2394 *ὑπὸ
377 2345 418 2409 τῷ
440 2341 529 2406 Κύρου
547 2340 625 2409 ίππῳ
644 2344 689 2393 καί
702 2343 878 2406 πατούμενοι
891 2342 966 2395 παίει
978 2347 1013 2410 τῇ
1029 2342 1149 2410 μαχαίρᾳ

132 2429 171 2482 είσ
188 2431 242 2495 τὴν
260 2430 379 2495 γαστέρα
392 2430 443 2482 τδν
456 2429 556 2482 ἵππον·
576 2430 592 2482 δ
607 2431 638 2483 δὲ
652 2430 803 2496 σφαδάζων
817 2430 973 2484 ἀποσείεται
985 2431 1037 2484 τδν
1053 2432 1150 2498 Κῦρον,
1165 2444 1192 2484 24

132 2519 198 2571 ὁδὲ
216 2517 330 2572 πίπτει’.
366 2523 494 2571 τοιοῦτο(
518 2519 548 2570 ἐν
570 2523 629 2572 τοι(
643 2519 776 2572 πλείστοι(
795 2521 811 2572 δ
831 2519 1011 2586 θουκοδίδησ.
1049 2521 1086 2588 (1)
1106 2520 1148 2573 ἐν·
1162 2507 1241 2586 ΧΧἮ,

132 2609 252 2669 αγώνιο(
267 2606 293 2658 δ’
302 2607 405 2672 ὁμοίω(
420 2609 463 2660 καί
477 2609 495 2672 ἡ
511 2612 570 2660 τῶν
584 2609 744 2673 προσώπων
753 2608 957 2673 ἀντιμετάθεσισ
966 2611 1011 2661 καί
1019 2609 1150 2663 πολλάκι(
1165 2581 1296 2631 nooman

132 2696 163 2749 ἐν
182 2697 272 2760 μέσοι(
290 2701 348 2749 τοί(
368 2698 504 2750 κινδύνοι(
519 2701 638 2749 ποιοῦσα
651 2696 703 2749 τὸν
716 2696 857 2762 ἀκροατὴν
872 2699 964 2750 δοκεῖν
979 2699 1149 2764 (τρέφεσθαι.

239 2784 325 2851 φαίη(
344 2783 369 2837 κ’
387 2785 512 2851 ἀκμῆτα(
531 2788 575 2838 καί
595 2785 720 2851 ἀτειρέα(

238 2872 347 2926 ἄντεσθ’
361 2875 392 2927 ἐν
406 2875 532 2942 πολέμῳ·
552 2874 591 2927 ὣ(
611 2874 764 2939 ἐσσυμένα(
783 2874 921 2940 ἐμάχοντο
940 2876 973 2942 (Ο
988 2877 1148 2943 697-698).

132 2965 176 3015 καί
195 2964 211 3016 ὁ
231 2962 350 3028 Ἀρατοσ
370 2961 481 3030 (ρίιιιοιι.
497 2964 558 3030 287)
1164 2978 1190 3016 ιο

239 3054 276 3117 μὴ
297 3050 379 3120 κείνῳ
399 3052 439 3105 ἐνί
459 3054 524 3119 μηνί
542 3053 715 3118 περικλύῑοιο
735 3052 883 3121 θαλάσση.)

204 3179 237 3228 10
257 3173 291 3228 cs.
310 3175 344 3229 fr,
366 3179 426 3230 ἵδο
443 3193 471 3243 p.
491 3180 534 3240 58,
554 3180 587 3229 18
598 3193 619 3228 ιι.
693 3180 749 3228 21⁵
768 3174 803 3229 cf.
823 3174 856 3229 fr.
877 3181 943 3240 71ο,
964 3180 1006 3229 9ο.

204 3321 237 3370 10
252 3315 346 3372 ἔπειθ’
363 3315 381 3385 ι)
396 3315 540 3370 Manutius
557 3333 591 3370 ex
605 3316 693 3383 Dem.,
713 3315 808 3384 ἐπειδὴ
823 3316 901 3370 liber.
972 3324 1005 3372 12
1019 3317 1150 3370 lacunam

131 3387 216 3441 indic.
236 3387 359 3452 Vahlen,
384 3388 433 3458 qui
452 3403 514 3441 eam
533 3389 574 3441 ιιίο
593 3388 780 3458 supplendam
799 3392 894 3442 censet
936 3389 1014 3443 ἔπεσε
1032 3389 1063 3443 τὸ
1082 3387 1119 3442 θό
1138 3419 1150 3428 -

132 3460 209 3525 τρον’
221 3460 285 3516 ἀντὶ
298 3459 371 3530 τοῦ)
387 3459 494 3514 ἔπεσον.
559 3465 592 3513 16
609 3461 641 3514 τὸ
655 3458 843 3524 Βοδοιίολίιιι,
858 3459 892 3513 τὰ
906 3459 928 3512 li
949 3476 985 3513 er.
1056 3465 1086 3512 17
1104 3460 1149 3527 ἑμ-

132 3529 367 3655 παῖσῦῗῖαίιοι,
395 3530 540 3593 ἐνπαθοῦς
557 3530 635 3585 liber.
728 3528 800 3583 ὅπου
818 3549 847 3584 τε
866 3531 1022 3598 Manutius,
1048 3528 1150 3584 ὅπουτι

133 3599 170 3654 ὁπ
187 3621 216 3656 τε
246 3601 255 3654 i
277 3617 314 3654 er.
