2666 3912
165 193 209 257 94
262 197 323 246 VII.
343 196 431 246 ΠΕΡΙ
448 196 524 246 ΤΟΤ
543 196 785 248 ΧΑΡΑΚΤΗΡΟΣ
804 195 878 245 ΤΩΝ
896 195 992 245 ΔΕΚΑ
1010 194 1183 246 ΡΗΤΟΡΩΝ

234 345 331 412 10311
349 353 472 406 Emona
490 353 608 407 Ιιοιιαυιι
627 359 643 405 3
662 353 715 407 Rh.
735 353 781 407 Gr.
800 362 811 406 Ι
831 359 846 405 2
865 372 892 422 p.
909 357 1000 418 213,8
1020 352 1067 421 Sp.
1087 354 1116 406 et
1133 351 1182 404 H.:

165 445 208 497 ότι
231 446 321 510 τροπὴ
347 444 377 497 ἐκ
400 449 451 496 τοῦ
475 446 637 510 πανούργου
660 447 705 497 καὶ
729 445 867 496 ἐξάλλαξι(
888 443 1003 508 οὐδεμία
1020 445 1057 508 ἠν
1076 443 1106 496 ἐν
1124 449 1183 494 τοῖς

164 533 289 599 ἀρχαῖοι(
313 533 382 585 ἀλλὰ
405 535 450 585 καὶ
468 533 504 585 τὰ
521 538 573 585 τοῦ
591 538 643 586 νοῠ
663 534 788 599 (χήματο
807 533 861 598 όψέ
879 549 949 585 ποτε
968 531 1006 585 εἰ(
1024 533 1091 584 τοὺ(
1110 533 1183 584 όικα-

163 623 259 674 νικοὺε
281 622 383 685 λόγου(
404 625 596 687 προειεῆλθεν·
625 624 643 687 ἡ
668 622 771 675 πλείων
793 623 847 687 γὰρ
871 623 966 674 αὐτοῖ(
990 623 1096 686 (πουόὴ
1120 622 1184 686 περὶ

137 713 217 776 υτήν
240 711 312 764 λέξιν
335 712 380 762 καὶ
402 711 454 762 τόν
476 712 582 777 ταύτης
602 712 705 775 κόεμον
723 712 759 776 ἠν
778 714 823 763 καὶ
841 713 895 776 τήν
913 711 1053 776 (υνθήκην
1073 712 1116 762 καλ
1136 710 1183 775 ἁρ-

166 799 272 866 μανίαν.

234 939 412 994 referendum
432 943 475 995 οιό
494 941 530 995 ad
548 940 649 993 fr.103
668 959 695 1009 p.
716 945 813 1008 92,19
834 971 867 979 -
887 945 933 1005 93,
951 945 984 992 10
1012 939 1057 1009 (cf.
1077 939 1185 991 ancx-

164 1047 253 1081 mur
271 1029 290 1082 l.
310 1046 332 1082 c.
352 1048 379 1098 p.
400 1035 442 1095 27,
463 1036 487 1095 6,
510 1030 597 1082 Busa
615 1030 634 1083 l.
655 1047 675 1082 fl.
695 1038 707 1082 Ι
724 1047 752 1098 p.
768 1035 829 1098 118,
848 1035 873 1096 4,
895 1029 977 1081 Μιυυι
995 1029 1014 1082 l.
1034 1047 1055 1081 s.
1074 1047 1101 1096 p.
1122 1033 1184 1093 203,

163 1118 333 1172 Amanum
350 1118 368 1172 l.
389 1135 410 1170 ιι.
430 1137 456 1187 p.
476 1119 530 1189 49).

235 1305 516 1371 104Hmocm10
537 1332 557 1368 s.
576 1333 604 1368 u.
628 1311 761 1384 ῥητορικὴ
784 1314 880 1385 γραφή
903 1333 930 1383 p.
951 1318 1012 1380 269,
1033 1319 1066 1365 13
1085 1312 1183 1366 Dind.:

166 1445 171 1456 .
189 1444 194 1456 .
212 1446 217 1456 .
239 1401 282 1456 ὅτι
300 1403 372 1456 κατὰ
392 1400 548 1472 διαφόρους
566 1401 670 1472 νόμους
684 1404 715 1457 αἱ
729 1404 845 1477 <ιιατόι>
859 1413 915 1460 τῶν
933 1399 1058 1472 ῥητόρων
1076 1402 1185 1470 γραφαὶ

165 1491 338 1560 εἰσάγονται,
366 1493 404 1554 ὡς
426 1490 586 1561 Ἀντιφῶν
605 1492 647 1562 (fr.
667 1498 701 1546 48
721 1492 787 1562 Bl.²)
816 1493 847 1548 ἐν
868 1497 906 1564 τῷ
934 1491 1029 1545 Καπόι
1057 1489 1184 1558 πρυτά-

125 1598 151 1636 10
166 1599 260 1648 νεως,
280 1580 309 1634 εἰ
327 1579 480 1649 γνήσιος,
499 1579 692 1650 ὑποσημαίνει.

236 1722 489 1792 Harpocrationem
505 1723 552 1776 hic
566 1740 601 1777 ex
615 1723 737 1778 Caecilio
752 1724 875 1793 pendere
889 1725 975 1778 Buss
990 1723 1008 1778 l.
1025 1740 1048 1778 ο,
1062 1731 1074 1775 1
1088 1741 1115 1791 p.
1133 1727 1185 1774 102

165 1811 255 1865 docet.

234 1998 304 2064 105
326 2007 519 2062 Hmocmm
535 2026 555 2062 s.
565 2027 593 2061 u.
609 2005 830 2078 δημοτευόμενος
843 2027 870 2077 p.
882 2013 925 2075 90,
937 2008 1058 2060 wind:
1080 2050 1085 2059 .
1103 2002 1185 2059 .Ἀν·

164 2104 274 2162 τιφῶν
299 2095 482 2166 (f1.65B1.²)
510 2100 541 2152 ἐν
568 2101 602 2170 τῇ
628 2093 720 2164 Πρὸς
747 2095 916 2151 Φίλιππον
945 2092 1127 2169 ἀπολογίᾳ,
1156 2094 1187 2147 εἰ

166 2183 315 2252 γνήσιος.

237 2327 290 2380 hoc
317 2327 455 2381 iudicium
483 2329 612 2382 criticum
639 2329 725 2382 Buss
744 2329 762 2382 l.
783 2347 805 2383 ο.
830 2337 841 2382 Ι
863 2347 890 2398 p.
912 2334 962 2381 102
992 2326 1113 2382 Caecilio
1142 2326 1186 2379 at-

165 2415 275 2468 ffibuit.

569 2531 784 2538 ---.---

538 2707 590 2770 Η.
611 2706 815 2790 Ἀνδοκίδης

237 2851 306 2917 106
328 2863 372 2929 (=
393 2866 409 2914 6
428 2862 469 2932 Β.)
506 2862 551 2916 Ps.
570 2865 747 2918 anmcnvs
772 2865 806 2917 de
826 2863 896 2916 ustis
914 2871 937 2916 X
956 2863 1025 2915 orat.
1045 2879 1071 2929 p.
1092 2865 1143 2913 835
1155 2875 1184 2912 a:

127 2964 153 3004 15
169 2951 248 3015 όηλοῖ
271 2951 301 3002 δὲ
324 2953 386 3017 περὶ
409 2953 524 3005 πάντων
548 2955 578 3007 ἐν
601 2961 660 3009 τοῑ(
683 2956 775 3019 λόγοι(
799 2953 841 3007 οἶ(
860 2954 1062 3018 ωγγέγραφεν·
1090 2950 1186 3014 οἱμὲν

166 3038 220 3104 γὰρ
240 3038 469 3104 ἀπολογουμένου
495 3043 565 3110 Περὶ
590 3049 649 3097 τῶν
676 3045 832 3111 μυετηρίων
855 3043 933 3110 dciv,
960 3042 986 3094 οἱ
1009 3043 1039 3094 δὲ
1063 3040 1187 3093 καθόδου

167 3127 311 3192 δεομένου.
350 3129 463 3196 (ῲζεται
490 3131 515 3183 δ’
538 3134 626 3186 αὐτοῦ
652 3137 697 3186 καί
723 3135 738 3186 ό
764 3134 834 3199 Περὶ
858 3137 910 3198 τῆ(
935 3130 1078 3184 ἐνδείξεως
1103 3129 1187 3192 λόγος

168 3218 212 3268 καὶ
233 3216 380 3281 Ἀπολογία
398 3221 469 3285 πρὸ(
487 3221 595 3275 Φαίακα
614 3226 658 3276 καλ
676 3223 747 3289 Περὶ
765 3227 816 3288 τῆ(
835 3221 953 3289 εἰρήνηε.

239 3436 256 3483 4
273 3409 461 3499 προεισῆλθεν
478 3433 559 3489 Marx
576 3436 594 3488 l.
614 3453 633 3489 ε.
654 3455 681 3506 p.
698 3441 758 3502 203,
777 3441 922 3502 παρῆσμεν
939 3433 1020 3498 liber,
1039 3431 1188 3497 παρεισῆλ-

166 3505 221 3555 θεν
239 3501 373 3555 Hammer
391 3504 509 3560 Hasium
528 3509 648 3561 secutus.
723 3513 756 3560 10
776 3507 801 3560 εἰ
819 3505 931 3575 γνήσιος
949 3503 964 3558 ό
984 3501 1065 3572 λόγος
1078 3502 1103 3553 Α
1122 3500 1188 3570 (Ro-

168 3589 266 3626 manus
286 3590 306 3627 s.
326 3573 406 3644 XIV).
525 3576 528 3584 '
