<?xml version="1.0" encoding="UTF-8"?>
<!DOCTYPE html PUBLIC "-//W3C//DTD XHTML 1.0 Transitional//EN"
    "http://www.w3.org/TR/xhtml1/DTD/xhtml1-transitional.dtd">
<html xmlns="http://www.w3.org/1999/xhtml" xml:lang="en" lang="en">
 <head>
  <title>
</title>
<meta http-equiv="Content-Type" content="text/html;charset=utf-8" />
  <meta name='ocr-system' content='tesseract 3.04.00' />
  <meta name='ocr-capabilities' content='ocr_page ocr_carea ocr_par ocr_line ocrx_word'/>
</head>
<body>
  <div class='ocr_page' id='page_1' title='image "./caeciliicalacti00caecgoog_0209.png"; bbox 0 0 2664 3906; ppageno 0'>
   <div class='ocr_carea' id='block_1_1' title="bbox 203 224 1072 288">
    <p class='ocr_par' dir='ltr' id='par_1_1' title="bbox 203 224 1072 288">
     <span class='ocr_line' id='line_1_1' title="bbox 203 224 1072 288; baseline -0.002 -10"><span class='ocrx_word' id='word_1_1' title='bbox 203 224 264 288; x_wconf 82' lang='lat'>164</span> <span class='ocrx_word' id='word_1_2' title='bbox 336 227 398 277; x_wconf 88' lang='lat' dir='ltr'>XII.</span> <span class='ocrx_word' id='word_1_3' title='bbox 417 226 571 276; x_wconf 85' lang='grc' dir='ltr'><strong>ΕΚΛΟΓΗ</strong></span> <span class='ocrx_word' id='word_1_4' title='bbox 590 224 740 282; x_wconf 58' lang='lat' dir='ltr'>Anam</span> <span class='ocrx_word' id='word_1_5' title='bbox 758 225 854 276; x_wconf 78' lang='grc' dir='ltr'><strong>ΚΑΤΑ</strong></span> <span class='ocrx_word' id='word_1_6' title='bbox 872 226 1072 276; x_wconf 76' lang='grc' dir='ltr'>ΣΓΟῙΧΕΙΟΝ</span> 
     </span>
    </p>
   </div>
   <div class='ocr_carea' id='block_1_2' title="bbox 192 386 1220 720">
    <p class='ocr_par' dir='ltr' id='par_1_2' title="bbox 192 386 1220 720">
     <span class='ocr_line' id='line_1_2' title="bbox 195 386 1220 452; baseline -0.001 -14"><span class='ocrx_word' id='word_1_7' title='bbox 195 389 286 452; x_wconf 83' lang='grc' dir='ltr'>φυλῆς</span> <span class='ocrx_word' id='word_1_8' title='bbox 305 386 420 452; x_wconf 85' lang='grc' dir='ltr'>ἐκά(τη(</span> <span class='ocrx_word' id='word_1_9' title='bbox 439 387 488 438; x_wconf 84' lang='grc' dir='ltr'>ἕνα</span> <span class='ocrx_word' id='word_1_10' title='bbox 507 388 579 452; x_wconf 86' lang='grc' dir='ltr'>πλὴν</span> <span class='ocrx_word' id='word_1_11' title='bbox 597 389 648 451; x_wconf 87' lang='grc' dir='ltr'>τῆς</span> <span class='ocrx_word' id='word_1_12' title='bbox 667 386 901 452; x_wconf 78' lang='grc' dir='ltr'>πρυτανευούςηε.</span> <span class='ocrx_word' id='word_1_13' title='bbox 939 387 984 438; x_wconf 88' lang='grc' dir='ltr'>καῖ</span> <span class='ocrx_word' id='word_1_14' title='bbox 1001 386 1084 438; x_wconf 88' lang='grc' dir='ltr'>πάλιν</span> <span class='ocrx_word' id='word_1_15' title='bbox 1103 386 1135 438; x_wconf 91' lang='grc' dir='ltr'>ἐκ</span> <span class='ocrx_word' id='word_1_16' title='bbox 1153 390 1220 438; x_wconf 87' lang='grc' dir='ltr'>τῶν</span> 
     </span>
     <span class='ocr_line' id='line_1_3' title="bbox 194 473 1218 541; baseline -0.001 -14"><span class='ocrx_word' id='word_1_17' title='bbox 194 476 276 529; x_wconf 86' lang='grc' dir='ltr'>ἐννέα</span> <span class='ocrx_word' id='word_1_18' title='bbox 294 475 405 528; x_wconf 92' lang='grc' dir='ltr'>τούτων</span> <span class='ocrx_word' id='word_1_19' title='bbox 423 475 572 540; x_wconf 89' lang='grc' dir='ltr'>ἐπι(τάτην</span> <span class='ocrx_word' id='word_1_20' title='bbox 592 476 641 527; x_wconf 86' lang='grc' dir='ltr'>ἕνα</span> <span class='ocrx_word' id='word_1_21' title='bbox 660 477 756 541; x_wconf 90' lang='grc' dir='ltr'>κληροῖ</span> <span class='ocrx_word' id='word_1_22' title='bbox 775 477 820 527; x_wconf 87' lang='grc' dir='ltr'>καῖ</span> <span class='ocrx_word' id='word_1_23' title='bbox 837 475 871 526; x_wconf 88' lang='grc' dir='ltr'>τὸ</span> <span class='ocrx_word' id='word_1_24' title='bbox 887 478 1003 540; x_wconf 84' lang='grc' dir='ltr'>πρᾶγμα</span> <span class='ocrx_word' id='word_1_25' title='bbox 1016 473 1218 541; x_wconf 89' lang='grc' dir='ltr'>παραδίδωςιν,</span> 
     </span>
     <span class='ocr_line' id='line_1_4' title="bbox 193 563 1206 630; baseline 0 -13"><span class='ocrx_word' id='word_1_26' title='bbox 193 565 280 618; x_wconf 82' lang='grc' dir='ltr'>αὐτὸς</span> <span class='ocrx_word' id='word_1_27' title='bbox 299 565 329 617; x_wconf 91' lang='grc' dir='ltr'>δέ</span> <span class='ocrx_word' id='word_1_28' title='bbox 348 563 448 628; x_wconf 84' lang='grc' dir='ltr'>είτάγει</span> <span class='ocrx_word' id='word_1_29' title='bbox 465 566 518 629; x_wconf 86' lang='grc' dir='ltr'>τὴν</span> <span class='ocrx_word' id='word_1_30' title='bbox 538 564 617 630; x_wconf 90' lang='grc' dir='ltr'>δίκην</span> <span class='ocrx_word' id='word_1_31' title='bbox 633 566 678 617; x_wconf 84' lang='grc' dir='ltr'>καί</span> <span class='ocrx_word' id='word_1_32' title='bbox 695 564 862 628; x_wconf 77' lang='grc' dir='ltr'>ἐπιμελεῖται</span> <span class='ocrx_word' id='word_1_33' title='bbox 876 563 947 616; x_wconf 84' lang='grc' dir='ltr'>κατὰ</span> <span class='ocrx_word' id='word_1_34' title='bbox 960 563 1049 628; x_wconf 89' lang='grc' dir='ltr'>νόμον</span> <span class='ocrx_word' id='word_1_35' title='bbox 1062 564 1155 616; x_wconf 82' lang='grc' dir='ltr'>πάντα</span> <span class='ocrx_word' id='word_1_36' title='bbox 1170 579 1206 626; x_wconf 90' lang='grc' dir='ltr'>γε</span> 
     </span>
     <span class='ocr_line' id='line_1_5' title="bbox 192 652 1216 720; baseline 0 -15"><span class='ocrx_word' id='word_1_37' title='bbox 192 655 286 706; x_wconf 86' lang='grc' dir='ltr'>νέςθαι</span> <span class='ocrx_word' id='word_1_38' title='bbox 301 655 345 705; x_wconf 84' lang='grc' dir='ltr'>καί</span> <span class='ocrx_word' id='word_1_39' title='bbox 360 654 447 719; x_wconf 83' lang='grc' dir='ltr'>μηδὲν</span> <span class='ocrx_word' id='word_1_40' title='bbox 461 655 686 720; x_wconf 83' lang='grc' dir='ltr'>παραλειφθῆναι</span> <span class='ocrx_word' id='word_1_41' title='bbox 699 654 769 718; x_wconf 89' lang='grc' dir='ltr'>πρὸ(</span> <span class='ocrx_word' id='word_1_42' title='bbox 783 654 816 705; x_wconf 89' lang='grc' dir='ltr'>τὸ</span> <span class='ocrx_word' id='word_1_43' title='bbox 828 654 991 718; x_wconf 88' lang='grc' dir='ltr'>διδαχθῆναι</span> <span class='ocrx_word' id='word_1_44' title='bbox 1000 653 1067 704; x_wconf 93' lang='grc' dir='ltr'>τούς</span> <span class='ocrx_word' id='word_1_45' title='bbox 1077 652 1216 705; x_wconf 83' lang='grc' dir='ltr'>δικαετάς.</span> 
     </span>
    </p>
   </div>
   <div class='ocr_carea' id='block_1_3' title="bbox 168 767 1217 1014">
    <p class='ocr_par' dir='ltr' id='par_1_3' title="bbox 168 767 1217 1014">
     <span class='ocr_line' id='line_1_6' title="bbox 168 767 1217 836; baseline -0.003 -15"><span class='ocrx_word' id='word_1_46' title='bbox 168 782 180 821; x_wconf 82' lang='lat'><strong>5</strong></span> <span class='ocrx_word' id='word_1_47' title='bbox 266 767 331 820; x_wconf 68' lang='lat' dir='ltr'>Lux.</span> <span class='ocrx_word' id='word_1_48' title='bbox 352 786 373 820; x_wconf 83' lang='grc' dir='ltr'>ι.</span> <span class='ocrx_word' id='word_1_49' title='bbox 394 785 482 827; x_wconf 66' lang='lat' dir='ltr'>evm.</span> <span class='ocrx_word' id='word_1_50' title='bbox 502 785 529 836; x_wconf 89' lang='lat' dir='ltr'>p.</span> <span class='ocrx_word' id='word_1_51' title='bbox 549 772 611 834; x_wconf 85' lang='grc'>260,</span> <span class='ocrx_word' id='word_1_52' title='bbox 632 772 677 820; x_wconf 80' lang='lat'>11:</span> <span class='ocrx_word' id='word_1_53' title='bbox 698 767 878 833; x_wconf 79' lang='grc' dir='ltr'>ἐπιτροπὴ·</span> <span class='ocrx_word' id='word_1_54' title='bbox 897 769 979 833; x_wconf 83' lang='grc' dir='ltr'>καὶὴ</span> <span class='ocrx_word' id='word_1_55' title='bbox 999 772 1058 821; x_wconf 90' lang='grc' dir='ltr'>τῶν</span> <span class='ocrx_word' id='word_1_56' title='bbox 1077 769 1217 834; x_wconf 82' lang='grc' dir='ltr'>ὀρφανῶν</span> 
     </span>
     <span class='ocr_line' id='line_1_7' title="bbox 194 856 1216 924; baseline -0.001 -13"><span class='ocrx_word' id='word_1_57' title='bbox 194 858 333 923; x_wconf 88' lang='grc' dir='ltr'>ἐπιμέλεια</span> <span class='ocrx_word' id='word_1_58' title='bbox 356 858 432 924; x_wconf 84' lang='grc' dir='ltr'>παρὰ</span> <span class='ocrx_word' id='word_1_59' title='bbox 454 863 514 911; x_wconf 92' lang='grc' dir='ltr'>τοῖ(</span> <span class='ocrx_word' id='word_1_60' title='bbox 537 857 662 924; x_wconf 82' lang='grc' dir='ltr'>ῥήτορα,</span> <span class='ocrx_word' id='word_1_61' title='bbox 686 858 786 910; x_wconf 82' lang='grc' dir='ltr'>καὶτὸ</span> <span class='ocrx_word' id='word_1_62' title='bbox 810 856 983 923; x_wconf 86' lang='grc' dir='ltr'>ςυγχωρῆςαί</span> <span class='ocrx_word' id='word_1_63' title='bbox 1006 873 1059 910; x_wconf 89' lang='grc' dir='ltr'>τινι</span> <span class='ocrx_word' id='word_1_64' title='bbox 1077 858 1144 909; x_wconf 93' lang='grc' dir='ltr'>τούς</span> <span class='ocrx_word' id='word_1_65' title='bbox 1163 858 1216 922; x_wconf 90' lang='grc' dir='ltr'>ἀμ-</span> 
     </span>
     <span class='ocr_line' id='line_1_8' title="bbox 195 946 1074 1014; baseline -0.002 -14"><span class='ocrx_word' id='word_1_66' title='bbox 195 950 399 1014; x_wconf 88' lang='grc' dir='ltr'>φιςβητούντας</span> <span class='ocrx_word' id='word_1_67' title='bbox 418 948 553 1014; x_wconf 90' lang='grc' dir='ltr'>διακρῖναι</span> <span class='ocrx_word' id='word_1_68' title='bbox 572 949 635 1012; x_wconf 83' lang='grc' dir='ltr'>περί</span> <span class='ocrx_word' id='word_1_69' title='bbox 653 947 695 998; x_wconf 87' lang='grc' dir='ltr'>ιδν</span> <span class='ocrx_word' id='word_1_70' title='bbox 712 946 783 1012; x_wconf 88' lang='grc' dir='ltr'>πρὸ(</span> <span class='ocrx_word' id='word_1_71' title='bbox 802 946 939 1012; x_wconf 89' lang='grc' dir='ltr'>ἀλλήλους</span> <span class='ocrx_word' id='word_1_72' title='bbox 957 946 1074 1011; x_wconf 84' lang='grc' dir='ltr'>ἐχουςιν.</span> 
     </span>
    </p>
   </div>
   <div class='ocr_carea' id='block_1_4' title="bbox 195 1059 1215 1218">
    <p class='ocr_par' dir='ltr' id='par_1_4' title="bbox 195 1059 1215 1218">
     <span class='ocr_line' id='line_1_9' title="bbox 265 1059 1215 1129; baseline 0 -17"><span class='ocrx_word' id='word_1_73' title='bbox 265 1060 331 1114; x_wconf 64' lang='lat' dir='ltr'>Lxx.</span> <span class='ocrx_word' id='word_1_74' title='bbox 355 1080 376 1113; x_wconf 81' lang='lat' dir='ltr'>s.</span> <span class='ocrx_word' id='word_1_75' title='bbox 402 1080 490 1121; x_wconf 76' lang='grc' dir='ltr'>ονικπ.</span> <span class='ocrx_word' id='word_1_76' title='bbox 514 1078 542 1129; x_wconf 90' lang='lat' dir='ltr'>p.</span> <span class='ocrx_word' id='word_1_77' title='bbox 562 1065 627 1127; x_wconf 79' lang='lat'>159,</span> <span class='ocrx_word' id='word_1_78' title='bbox 647 1065 680 1113; x_wconf 90' lang='grc'>20</span> <span class='ocrx_word' id='word_1_79' title='bbox 709 1059 754 1129; x_wconf 84' lang='lat' dir='ltr'>(cf.</span> <span class='ocrx_word' id='word_1_80' title='bbox 777 1059 831 1113; x_wconf 61' lang='lat' dir='ltr'>lex„</span> <span class='ocrx_word' id='word_1_81' title='bbox 856 1059 882 1114; x_wconf 84' lang='lat' dir='ltr'>S.</span> <span class='ocrx_word' id='word_1_82' title='bbox 906 1062 997 1128; x_wconf 74' lang='lat' dir='ltr'>quart.</span> <span class='ocrx_word' id='word_1_83' title='bbox 1022 1077 1048 1128; x_wconf 90' lang='lat' dir='ltr'>p.</span> <span class='ocrx_word' id='word_1_84' title='bbox 1070 1065 1134 1126; x_wconf 88' lang='grc'>187,</span> <span class='ocrx_word' id='word_1_85' title='bbox 1155 1063 1215 1128; x_wconf 78' lang='grc'>26);</span> 
     </span>
     <span class='ocr_line' id='line_1_10' title="bbox 195 1150 857 1218; baseline -0.002 -14"><span class='ocrx_word' id='word_1_86' title='bbox 195 1152 388 1218; x_wconf 85' lang='grc' dir='ltr'>ἐπιχώριος·</span> <span class='ocrx_word' id='word_1_87' title='bbox 409 1153 424 1204; x_wconf 89' lang='grc' dir='ltr'>δ</span> <span class='ocrx_word' id='word_1_88' title='bbox 444 1152 561 1217; x_wconf 85' lang='grc' dir='ltr'>εὐγενὴς</span> <span class='ocrx_word' id='word_1_89' title='bbox 580 1153 624 1204; x_wconf 86' lang='grc' dir='ltr'>καί</span> <span class='ocrx_word' id='word_1_90' title='bbox 642 1152 716 1214; x_wconf 84' lang='grc' dir='ltr'>γένει</span> <span class='ocrx_word' id='word_1_91' title='bbox 733 1150 857 1216; x_wconf 84' lang='grc' dir='ltr'>πολίτηε.</span> 
     </span>
    </p>
   </div>
   <div class='ocr_carea' id='block_1_5' title="bbox 155 1264 1216 1340">
    <p class='ocr_par' dir='ltr' id='par_1_5' title="bbox 155 1264 1216 1340">
     <span class='ocr_line' id='line_1_11' title="bbox 155 1264 1216 1340; baseline 0.002 -23"><span class='ocrx_word' id='word_1_92' title='bbox 155 1279 180 1317; x_wconf 90' lang='lat'>10</span> <span class='ocrx_word' id='word_1_93' title='bbox 266 1265 364 1318; x_wconf 78' lang='lat' dir='ltr'>Svas</span> <span class='ocrx_word' id='word_1_94' title='bbox 383 1264 429 1333; x_wconf 83' lang='lat' dir='ltr'>(cf.</span> <span class='ocrx_word' id='word_1_95' title='bbox 448 1264 501 1318; x_wconf 86' lang='lat' dir='ltr'>lex.</span> <span class='ocrx_word' id='word_1_96' title='bbox 522 1264 548 1318; x_wconf 86' lang='lat' dir='ltr'>S.</span> <span class='ocrx_word' id='word_1_97' title='bbox 568 1267 659 1332; x_wconf 75' lang='lat' dir='ltr'>quart.</span> <span class='ocrx_word' id='word_1_98' title='bbox 679 1282 706 1332; x_wconf 91' lang='lat' dir='ltr'>p.</span> <span class='ocrx_word' id='word_1_99' title='bbox 723 1269 783 1329; x_wconf 81' lang='grc'>187,</span> <span class='ocrx_word' id='word_1_100' title='bbox 799 1267 856 1333; x_wconf 63' lang='lat' dir='ltr'>w:</span> <span class='ocrx_word' id='word_1_101' title='bbox 876 1267 1159 1340; x_wconf 85' lang='grc' dir='ltr'>ἐπλινθεύθηςαν·</span> <span class='ocrx_word' id='word_1_102' title='bbox 1179 1268 1216 1319; x_wconf 86' lang='grc' dir='ltr'>τὸ</span> 
     </span>
    </p>
   </div>
   <div class='ocr_carea' id='block_1_6' title="bbox 194 1355 1215 1512">
    <p class='ocr_par' dir='ltr' id='par_1_6' title="bbox 194 1355 1215 1512">
     <span class='ocr_line' id='line_1_12' title="bbox 194 1355 1215 1422; baseline 0 -14"><span class='ocrx_word' id='word_1_103' title='bbox 194 1359 420 1421; x_wconf 84' lang='grc' dir='ltr'>κατακλειςθῆναι</span> <span class='ocrx_word' id='word_1_104' title='bbox 434 1355 727 1422; x_wconf 80' lang='grc' dir='ltr'>περιοικοδομημένον,</span> <span class='ocrx_word' id='word_1_105' title='bbox 742 1355 812 1408; x_wconf 88' lang='grc' dir='ltr'>ῶςτε</span> <span class='ocrx_word' id='word_1_106' title='bbox 827 1356 925 1409; x_wconf 79' lang='grc' dir='ltr'>ἔξοδον</span> <span class='ocrx_word' id='word_1_107' title='bbox 940 1356 976 1420; x_wconf 85' lang='grc' dir='ltr'>μὴ</span> <span class='ocrx_word' id='word_1_108' title='bbox 993 1355 1063 1408; x_wconf 89' lang='grc' dir='ltr'>είναι</span> <span class='ocrx_word' id='word_1_109' title='bbox 1077 1358 1121 1408; x_wconf 86' lang='grc' dir='ltr'>καί</span> <span class='ocrx_word' id='word_1_110' title='bbox 1136 1355 1215 1408; x_wconf 88' lang='grc' dir='ltr'>ούτω</span> 
     </span>
     <span class='ocr_line' id='line_1_13' title="bbox 194 1444 1214 1512; baseline 0 -14"><span class='ocrx_word' id='word_1_111' title='bbox 194 1447 323 1498; x_wconf 85' lang='grc' dir='ltr'>παντελεῖ</span> <span class='ocrx_word' id='word_1_112' title='bbox 337 1444 439 1512; x_wconf 85' lang='grc' dir='ltr'>ἀπορίᾳ</span> <span class='ocrx_word' id='word_1_113' title='bbox 453 1448 542 1497; x_wconf 84' lang='grc' dir='ltr'>ποποῖ)</span> <span class='ocrx_word' id='word_1_114' title='bbox 558 1446 602 1497; x_wconf 86' lang='grc' dir='ltr'>καί</span> <span class='ocrx_word' id='word_1_115' title='bbox 616 1444 874 1510; x_wconf 85' lang='grc' dir='ltr'>τροφήςτεθνάναι,</span> <span class='ocrx_word' id='word_1_116' title='bbox 889 1446 1086 1509; x_wconf 82' lang='grc' dir='ltr'>πλινθευθῆναι</span> <span class='ocrx_word' id='word_1_117' title='bbox 1095 1445 1214 1508; x_wconf 85' lang='grc' dir='ltr'>λέγεται.</span> 
     </span>
    </p>
   </div>
   <div class='ocr_carea' id='block_1_7' title="bbox 155 1557 1214 2161">
    <p class='ocr_par' dir='ltr' id='par_1_7' title="bbox 267 1557 1213 1629">
     <span class='ocr_line' id='line_1_14' title="bbox 267 1557 1213 1629; baseline -0.001 -17"><span class='ocrx_word' id='word_1_118' title='bbox 267 1559 365 1612; x_wconf 73' lang='grc' dir='ltr'>ὃτιοιι</span> <span class='ocrx_word' id='word_1_119' title='bbox 380 1559 426 1628; x_wconf 80' lang='lat' dir='ltr'>(cf.</span> <span class='ocrx_word' id='word_1_120' title='bbox 442 1559 556 1629; x_wconf 59' lang='grc' dir='ltr'>(ἕτερον.</span> <span class='ocrx_word' id='word_1_121' title='bbox 568 1558 692 1613; x_wconf 75' lang='lat' dir='ltr'><strong>Corinth.</strong></span> <span class='ocrx_word' id='word_1_122' title='bbox 707 1565 775 1612; x_wconf 76' lang='lat'>1112</span> <span class='ocrx_word' id='word_1_123' title='bbox 790 1577 817 1628; x_wconf 85' lang='lat' dir='ltr'>p.</span> <span class='ocrx_word' id='word_1_124' title='bbox 829 1564 908 1625; x_wconf 89' lang='grc'>1121,</span> <span class='ocrx_word' id='word_1_125' title='bbox 920 1565 952 1612; x_wconf 91' lang='grc'>12</span> <span class='ocrx_word' id='word_1_126' title='bbox 967 1561 996 1612; x_wconf 82' lang='grc' dir='ltr'>οῖ</span> <span class='ocrx_word' id='word_1_127' title='bbox 1010 1558 1063 1614; x_wconf 81' lang='lat' dir='ltr'>lex.</span> <span class='ocrx_word' id='word_1_128' title='bbox 1079 1557 1105 1611; x_wconf 86' lang='lat' dir='ltr'>S.</span> <span class='ocrx_word' id='word_1_129' title='bbox 1120 1561 1213 1626; x_wconf 72' lang='lat' dir='ltr'>quart.</span> 
     </span>
    </p>

    <p class='ocr_par' dir='ltr' id='par_1_8' title="bbox 194 1648 1214 1718">
     <span class='ocr_line' id='line_1_15' title="bbox 194 1648 1214 1718; baseline 0.001 -17"><span class='ocrx_word' id='word_1_130' title='bbox 194 1667 221 1717; x_wconf 90' lang='lat' dir='ltr'>p.</span> <span class='ocrx_word' id='word_1_131' title='bbox 243 1653 303 1714; x_wconf 89' lang='grc'>189,</span> <span class='ocrx_word' id='word_1_132' title='bbox 325 1651 363 1718; x_wconf 85' lang='lat'>1):</span> <span class='ocrx_word' id='word_1_133' title='bbox 393 1649 573 1716; x_wconf 89' lang='grc' dir='ltr'>ἐπωβελία·</span> <span class='ocrx_word' id='word_1_134' title='bbox 602 1652 714 1703; x_wconf 84' lang='grc' dir='ltr'>πολλῶν</span> <span class='ocrx_word' id='word_1_135' title='bbox 742 1648 780 1703; x_wconf 88' lang='grc' dir='ltr'>είς</span> <span class='ocrx_word' id='word_1_136' title='bbox 805 1650 933 1715; x_wconf 86' lang='grc' dir='ltr'>χρήματα</span> <span class='ocrx_word' id='word_1_137' title='bbox 958 1650 1214 1716; x_wconf 91' lang='grc' dir='ltr'>(υκοφαντούντων</span> 
     </span>
    </p>

    <p class='ocr_par' dir='ltr' id='par_1_9' title="bbox 155 1738 1214 1805">
     <span class='ocr_line' id='line_1_16' title="bbox 155 1738 1214 1805; baseline 0.003 -17"><span class='ocrx_word' id='word_1_138' title='bbox 155 1750 180 1789; x_wconf 78' lang='lat'>15</span> <span class='ocrx_word' id='word_1_139' title='bbox 195 1741 261 1793; x_wconf 93' lang='grc' dir='ltr'>τού(</span> <span class='ocrx_word' id='word_1_140' title='bbox 285 1741 410 1793; x_wconf 76' lang='grc' dir='ltr'>ἐπιεικεῖ(</span> <span class='ocrx_word' id='word_1_141' title='bbox 433 1742 479 1792; x_wconf 84' lang='grc' dir='ltr'>καί</span> <span class='ocrx_word' id='word_1_142' title='bbox 502 1740 684 1805; x_wconf 88' lang='grc' dir='ltr'>ἀπράγμονας</span> <span class='ocrx_word' id='word_1_143' title='bbox 706 1743 765 1791; x_wconf 92' lang='grc' dir='ltr'>τῶν</span> <span class='ocrx_word' id='word_1_144' title='bbox 788 1742 912 1792; x_wconf 91' lang='grc' dir='ltr'>πολιτῶν</span> <span class='ocrx_word' id='word_1_145' title='bbox 931 1741 976 1791; x_wconf 84' lang='grc' dir='ltr'>καί</span> <span class='ocrx_word' id='word_1_146' title='bbox 995 1738 1108 1803; x_wconf 88' lang='grc' dir='ltr'>μάλιςτα</span> <span class='ocrx_word' id='word_1_147' title='bbox 1126 1743 1214 1793; x_wconf 84' lang='grc' dir='ltr'>τούτο</span> 
     </span>
    </p>

    <p class='ocr_par' dir='ltr' id='par_1_10' title="bbox 194 1828 1213 1896">
     <span class='ocr_line' id='line_1_17' title="bbox 194 1828 1213 1896; baseline -0.002 -14"><span class='ocrx_word' id='word_1_148' title='bbox 194 1830 326 1896; x_wconf 89' lang='grc' dir='ltr'>πράττειν</span> <span class='ocrx_word' id='word_1_149' title='bbox 345 1830 570 1895; x_wconf 86' lang='grc' dir='ltr'>διαβαλλομένων</span> <span class='ocrx_word' id='word_1_150' title='bbox 588 1833 647 1881; x_wconf 91' lang='grc' dir='ltr'>τῶν</span> <span class='ocrx_word' id='word_1_151' title='bbox 665 1830 728 1894; x_wconf 82' lang='grc' dir='ltr'>περὶ</span> <span class='ocrx_word' id='word_1_152' title='bbox 745 1829 778 1880; x_wconf 92' lang='grc' dir='ltr'>τδ</span> <span class='ocrx_word' id='word_1_153' title='bbox 793 1829 927 1894; x_wconf 89' lang='grc' dir='ltr'>ἐμπόριον</span> <span class='ocrx_word' id='word_1_154' title='bbox 941 1828 1154 1894; x_wconf 86' lang='grc' dir='ltr'>ςυμβαλλύντων</span> <span class='ocrx_word' id='word_1_155' title='bbox 1168 1828 1213 1881; x_wconf 85' lang='grc' dir='ltr'>ἐπί</span> 
     </span>
    </p>

    <p class='ocr_par' dir='ltr' id='par_1_11' title="bbox 195 1916 1213 1984">
     <span class='ocr_line' id='line_1_18' title="bbox 195 1916 1213 1984; baseline 0 -14"><span class='ocrx_word' id='word_1_156' title='bbox 195 1923 335 1972; x_wconf 76' lang='grc' dir='ltr'>ναυτικοί(</span> <span class='ocrx_word' id='word_1_157' title='bbox 353 1917 447 1970; x_wconf 90' lang='grc' dir='ltr'>τόκοι(</span> <span class='ocrx_word' id='word_1_158' title='bbox 466 1916 607 1983; x_wconf 85' lang='grc' dir='ltr'>Ἀθηναῖοι</span> <span class='ocrx_word' id='word_1_159' title='bbox 626 1916 725 1984; x_wconf 79' lang='grc' dir='ltr'>ζημίαν</span> <span class='ocrx_word' id='word_1_160' title='bbox 745 1919 844 1971; x_wconf 79' lang='grc' dir='ltr'>ἔταξαν</span> <span class='ocrx_word' id='word_1_161' title='bbox 861 1916 932 1970; x_wconf 85' lang='grc' dir='ltr'>κατὰ</span> <span class='ocrx_word' id='word_1_162' title='bbox 945 1921 1004 1969; x_wconf 91' lang='grc' dir='ltr'>τῶν</span> <span class='ocrx_word' id='word_1_163' title='bbox 1018 1918 1213 1981; x_wconf 86' lang='grc' dir='ltr'>ἐγκαλούντων</span> 
     </span>
    </p>

    <p class='ocr_par' dir='ltr' id='par_1_12' title="bbox 195 2005 1214 2161">
     <span class='ocr_line' id='line_1_19' title="bbox 196 2005 1214 2073; baseline 0.001 -14"><span class='ocrx_word' id='word_1_164' title='bbox 196 2007 297 2072; x_wconf 81' lang='grc' dir='ltr'>ὀβολὸν</span> <span class='ocrx_word' id='word_1_165' title='bbox 317 2005 441 2072; x_wconf 84' lang='grc' dir='ltr'>ἐκτίνειν,</span> <span class='ocrx_word' id='word_1_166' title='bbox 461 2005 484 2059; x_wconf 85' lang='grc' dir='ltr'>εἰ</span> <span class='ocrx_word' id='word_1_167' title='bbox 504 2008 541 2072; x_wconf 83' lang='grc' dir='ltr'>μὴ</span> <span class='ocrx_word' id='word_1_168' title='bbox 561 2006 623 2059; x_wconf 81' lang='grc' dir='ltr'>καθ’</span> <span class='ocrx_word' id='word_1_169' title='bbox 641 2007 682 2059; x_wconf 88' lang='grc' dir='ltr'>ῶν</span> <span class='ocrx_word' id='word_1_170' title='bbox 701 2006 861 2073; x_wconf 86' lang='grc' dir='ltr'>ἐνεκάλουν,</span> <span class='ocrx_word' id='word_1_171' title='bbox 880 2007 1000 2059; x_wconf 91' lang='grc' dir='ltr'>τούτους</span> <span class='ocrx_word' id='word_1_172' title='bbox 1018 2006 1115 2059; x_wconf 81' lang='grc' dir='ltr'>ἕλοιεν.</span> <span class='ocrx_word' id='word_1_173' title='bbox 1147 2008 1214 2060; x_wconf 90' lang='grc' dir='ltr'>ταύ-</span> 
     </span>
     <span class='ocr_line' id='line_1_20' title="bbox 195 2094 784 2161; baseline 0.003 -15"><span class='ocrx_word' id='word_1_174' title='bbox 195 2112 247 2160; x_wconf 93' lang='grc' dir='ltr'>την</span> <span class='ocrx_word' id='word_1_175' title='bbox 265 2097 318 2160; x_wconf 85' lang='grc' dir='ltr'>τὴν</span> <span class='ocrx_word' id='word_1_176' title='bbox 337 2094 436 2161; x_wconf 86' lang='grc' dir='ltr'>ζημίαν</span> <span class='ocrx_word' id='word_1_177' title='bbox 456 2095 609 2160; x_wconf 86' lang='grc' dir='ltr'>ἐπωβελίαν</span> <span class='ocrx_word' id='word_1_178' title='bbox 628 2095 784 2161; x_wconf 88' lang='grc' dir='ltr'>ὠνόμαςαν.</span> 
     </span>
    </p>
   </div>
   <div class='ocr_carea' id='block_1_8' title="bbox 154 2208 1214 2988">
    <p class='ocr_par' dir='ltr' id='par_1_13' title="bbox 156 2208 1214 2366">
     <span class='ocr_line' id='line_1_21' title="bbox 156 2208 1214 2278; baseline 0.002 -16"><span class='ocrx_word' id='word_1_179' title='bbox 156 2223 182 2262; x_wconf 86' lang='grc' dir='ltr'>ιο</span> <span class='ocrx_word' id='word_1_180' title='bbox 269 2209 367 2263; x_wconf 77' lang='lat' dir='ltr'>Svas</span> <span class='ocrx_word' id='word_1_181' title='bbox 387 2208 431 2277; x_wconf 86' lang='lat' dir='ltr'>(cf.</span> <span class='ocrx_word' id='word_1_182' title='bbox 452 2208 504 2263; x_wconf 86' lang='lat' dir='ltr'>lex.</span> <span class='ocrx_word' id='word_1_183' title='bbox 525 2208 550 2262; x_wconf 83' lang='lat' dir='ltr'>S.</span> <span class='ocrx_word' id='word_1_184' title='bbox 571 2211 662 2278; x_wconf 68' lang='lat' dir='ltr'>quart.</span> <span class='ocrx_word' id='word_1_185' title='bbox 682 2227 709 2277; x_wconf 91' lang='lat' dir='ltr'>p.</span> <span class='ocrx_word' id='word_1_186' title='bbox 731 2215 796 2276; x_wconf 89' lang='grc'>189,</span> <span class='ocrx_word' id='word_1_187' title='bbox 817 2213 855 2278; x_wconf 79' lang='lat'>1):</span> <span class='ocrx_word' id='word_1_188' title='bbox 885 2211 1070 2276; x_wconf 87' lang='grc' dir='ltr'>ἐπώνυμοι·</span> <span class='ocrx_word' id='word_1_189' title='bbox 1100 2211 1125 2264; x_wconf 90' lang='grc' dir='ltr'>οί</span> <span class='ocrx_word' id='word_1_190' title='bbox 1153 2213 1214 2264; x_wconf 83' lang='grc' dir='ltr'>κατ’</span> 
     </span>
     <span class='ocr_line' id='line_1_22' title="bbox 196 2298 1211 2366; baseline 0.003 -14"><span class='ocrx_word' id='word_1_191' title='bbox 196 2300 300 2366; x_wconf 86' lang='grc' dir='ltr'>ἀρετὴν</span> <span class='ocrx_word' id='word_1_192' title='bbox 324 2301 523 2365; x_wconf 89' lang='grc' dir='ltr'>διαπρέποντες</span> <span class='ocrx_word' id='word_1_193' title='bbox 547 2300 623 2353; x_wconf 85' lang='grc' dir='ltr'>ἀετοί</span> <span class='ocrx_word' id='word_1_194' title='bbox 647 2303 691 2352; x_wconf 84' lang='grc' dir='ltr'>καί</span> <span class='ocrx_word' id='word_1_195' title='bbox 715 2300 788 2353; x_wconf 84' lang='grc' dir='ltr'>ξένοι</span> <span class='ocrx_word' id='word_1_196' title='bbox 811 2301 924 2366; x_wconf 82' lang='grc' dir='ltr'>χαλκαῖ(</span> <span class='ocrx_word' id='word_1_197' title='bbox 945 2298 1044 2352; x_wconf 87' lang='grc' dir='ltr'>είκόςιν</span> <span class='ocrx_word' id='word_1_198' title='bbox 1063 2302 1211 2366; x_wconf 84' lang='grc' dir='ltr'>ἐτιμῶντο·</span> 
     </span>
    </p>

    <p class='ocr_par' dir='ltr' id='par_1_14' title="bbox 154 2373 1212 2634">
     <span class='ocr_line' id='line_1_23' title="bbox 154 2373 1212 2456; baseline 0 -15"><span class='ocrx_word' id='word_1_199' title='bbox 154 2373 157 2380; x_wconf 57' lang='grc'><strong>’</strong></span> <span class='ocrx_word' id='word_1_200' title='bbox 197 2389 248 2455; x_wconf 83' lang='grc' dir='ltr'>ἀφ’</span> <span class='ocrx_word' id='word_1_201' title='bbox 266 2389 307 2441; x_wconf 88' lang='grc' dir='ltr'>ιίιν</span> <span class='ocrx_word' id='word_1_202' title='bbox 330 2387 413 2441; x_wconf 86' lang='grc' dir='ltr'>ἐνίων</span> <span class='ocrx_word' id='word_1_203' title='bbox 437 2391 481 2441; x_wconf 88' lang='grc' dir='ltr'>καί</span> <span class='ocrx_word' id='word_1_204' title='bbox 504 2395 564 2441; x_wconf 90' lang='grc' dir='ltr'>ταῖς</span> <span class='ocrx_word' id='word_1_205' title='bbox 587 2391 689 2456; x_wconf 89' lang='grc' dir='ltr'>φυλαῖς</span> <span class='ocrx_word' id='word_1_206' title='bbox 707 2389 788 2455; x_wconf 86' lang='grc' dir='ltr'>ἐτέθη</span> <span class='ocrx_word' id='word_1_207' title='bbox 809 2389 941 2453; x_wconf 88' lang='grc' dir='ltr'>ὀνόματα.</span> <span class='ocrx_word' id='word_1_208' title='bbox 980 2391 1046 2454; x_wconf 90' lang='grc' dir='ltr'>φαςί</span> <span class='ocrx_word' id='word_1_209' title='bbox 1065 2388 1090 2442; x_wconf 76' lang='grc' dir='ltr'>δ’</span> <span class='ocrx_word' id='word_1_210' title='bbox 1107 2391 1212 2443; x_wconf 87' lang='grc' dir='ltr'>ἐκεῖθεν</span> 
     </span>
     <span class='ocr_line' id='line_1_24' title="bbox 195 2477 1212 2544; baseline 0 -14"><span class='ocrx_word' id='word_1_211' title='bbox 195 2483 310 2544; x_wconf 90' lang='grc' dir='ltr'>πρῶτον</span> <span class='ocrx_word' id='word_1_212' title='bbox 335 2477 412 2530; x_wconf 84' lang='grc' dir='ltr'>δόξαι</span> <span class='ocrx_word' id='word_1_213' title='bbox 434 2478 484 2530; x_wconf 83' lang='grc' dir='ltr'>τὰς</span> <span class='ocrx_word' id='word_1_214' title='bbox 508 2478 599 2544; x_wconf 88' lang='grc' dir='ltr'>φυλά(</span> <span class='ocrx_word' id='word_1_215' title='bbox 618 2477 805 2544; x_wconf 83' lang='grc' dir='ltr'>ἐξηγήεατθαι.</span> <span class='ocrx_word' id='word_1_216' title='bbox 843 2477 1027 2544; x_wconf 86' lang='grc' dir='ltr'>ἀπορούντων</span> <span class='ocrx_word' id='word_1_217' title='bbox 1045 2478 1098 2544; x_wconf 86' lang='grc' dir='ltr'>γὰρ</span> <span class='ocrx_word' id='word_1_218' title='bbox 1117 2479 1212 2532; x_wconf 84' lang='grc' dir='ltr'>αὐτῶν</span> 
     </span>
     <span class='ocr_line' id='line_1_25' title="bbox 197 2566 1211 2634; baseline 0 -14"><span class='ocrx_word' id='word_1_219' title='bbox 197 2569 287 2632; x_wconf 80' lang='grc' dir='ltr'>ὄνομα</span> <span class='ocrx_word' id='word_1_220' title='bbox 305 2571 366 2619; x_wconf 89' lang='grc' dir='ltr'>ταῖ(</span> <span class='ocrx_word' id='word_1_221' title='bbox 385 2568 486 2633; x_wconf 89' lang='grc' dir='ltr'>φυλαῖς</span> <span class='ocrx_word' id='word_1_222' title='bbox 504 2568 605 2633; x_wconf 87' lang='grc' dir='ltr'>θέ(θαι,</span> <span class='ocrx_word' id='word_1_223' title='bbox 626 2567 682 2620; x_wconf 90' lang='grc' dir='ltr'>ἀπὸ</span> <span class='ocrx_word' id='word_1_224' title='bbox 701 2571 760 2620; x_wconf 91' lang='grc' dir='ltr'>τῶν</span> <span class='ocrx_word' id='word_1_225' title='bbox 779 2566 971 2620; x_wconf 81' lang='grc' dir='ltr'>ἐνδοξοτάτων</span> <span class='ocrx_word' id='word_1_226' title='bbox 989 2571 1075 2619; x_wconf 86' lang='grc' dir='ltr'>τούτο</span> <span class='ocrx_word' id='word_1_227' title='bbox 1094 2570 1211 2634; x_wconf 85' lang='grc' dir='ltr'>ποιήςαι,</span> 
     </span>
    </p>

    <p class='ocr_par' dir='ltr' id='par_1_15' title="bbox 157 2654 1212 2988">
     <span class='ocr_line' id='line_1_26' title="bbox 157 2654 1212 2723; baseline 0.003 -17"><span class='ocrx_word' id='word_1_228' title='bbox 157 2667 182 2707; x_wconf 79' lang='grc' dir='ltr'>ιο</span> <span class='ocrx_word' id='word_1_229' title='bbox 198 2659 242 2708; x_wconf 84' lang='grc' dir='ltr'>καί</span> <span class='ocrx_word' id='word_1_230' title='bbox 266 2656 381 2708; x_wconf 85' lang='grc' dir='ltr'>ἕκαετον</span> <span class='ocrx_word' id='word_1_231' title='bbox 407 2656 508 2708; x_wconf 81' lang='grc' dir='ltr'>ἑκατὸν</span> <span class='ocrx_word' id='word_1_232' title='bbox 531 2655 656 2721; x_wconf 86' lang='grc' dir='ltr'>ὀνόματα</span> <span class='ocrx_word' id='word_1_233' title='bbox 680 2654 734 2722; x_wconf 88' lang='grc' dir='ltr'>ἰδίᾳ</span> <span class='ocrx_word' id='word_1_234' title='bbox 755 2655 936 2721; x_wconf 90' lang='grc' dir='ltr'>γραψάμενον</span> <span class='ocrx_word' id='word_1_235' title='bbox 955 2658 1100 2721; x_wconf 88' lang='grc' dir='ltr'>κληρῶςαι.</span> <span class='ocrx_word' id='word_1_236' title='bbox 1138 2657 1212 2723; x_wconf 83' lang='grc' dir='ltr'>παρὰ</span> 
     </span>
     <span class='ocr_line' id='line_1_27' title="bbox 198 2743 1211 2810; baseline -0.001 -12"><span class='ocrx_word' id='word_1_237' title='bbox 198 2744 223 2798; x_wconf 85' lang='grc' dir='ltr'>δ’</span> <span class='ocrx_word' id='word_1_238' title='bbox 241 2745 293 2796; x_wconf 88' lang='grc' dir='ltr'>ούν</span> <span class='ocrx_word' id='word_1_239' title='bbox 312 2745 362 2797; x_wconf 83' lang='grc' dir='ltr'>τὰ(</span> <span class='ocrx_word' id='word_1_240' title='bbox 381 2743 490 2797; x_wconf 80' lang='grc' dir='ltr'>εἰκόνα(</span> <span class='ocrx_word' id='word_1_241' title='bbox 511 2749 570 2797; x_wconf 91' lang='grc' dir='ltr'>τῶν</span> <span class='ocrx_word' id='word_1_242' title='bbox 593 2745 751 2808; x_wconf 84' lang='grc' dir='ltr'>ἐπωνύμων</span> <span class='ocrx_word' id='word_1_243' title='bbox 773 2745 883 2798; x_wconf 89' lang='grc' dir='ltr'>τούτων</span> <span class='ocrx_word' id='word_1_244' title='bbox 903 2744 1065 2810; x_wconf 87' lang='grc' dir='ltr'>είςηγούντο</span> <span class='ocrx_word' id='word_1_245' title='bbox 1083 2745 1149 2797; x_wconf 90' lang='grc' dir='ltr'>τού(</span> <span class='ocrx_word' id='word_1_246' title='bbox 1167 2745 1211 2797; x_wconf 86' lang='grc' dir='ltr'>νύ-</span> 
     </span>
     <span class='ocr_line' id='line_1_28' title="bbox 197 2832 1211 2900; baseline 0 -14"><span class='ocrx_word' id='word_1_247' title='bbox 197 2849 274 2899; x_wconf 90' lang='grc' dir='ltr'>μυυς,</span> <span class='ocrx_word' id='word_1_248' title='bbox 294 2835 358 2900; x_wconf 81' lang='grc' dir='ltr'>πρὶν</span> <span class='ocrx_word' id='word_1_249' title='bbox 377 2835 395 2898; x_wconf 85' lang='grc' dir='ltr'>ἢ</span> <span class='ocrx_word' id='word_1_250' title='bbox 415 2834 539 2896; x_wconf 85' lang='grc' dir='ltr'>γενέτθαι</span> <span class='ocrx_word' id='word_1_251' title='bbox 559 2833 678 2900; x_wconf 92' lang='grc' dir='ltr'>κυρίους,</span> <span class='ocrx_word' id='word_1_252' title='bbox 699 2833 737 2886; x_wconf 77' lang='grc' dir='ltr'>ἵν’</span> <span class='ocrx_word' id='word_1_253' title='bbox 755 2833 972 2898; x_wconf 89' lang='grc' dir='ltr'>ἐντυγχάνοντες</span> <span class='ocrx_word' id='word_1_254' title='bbox 991 2834 1087 2886; x_wconf 87' lang='grc' dir='ltr'>αὐτοῖς</span> <span class='ocrx_word' id='word_1_255' title='bbox 1105 2832 1132 2886; x_wconf 86' lang='lat' dir='ltr'>ol</span> <span class='ocrx_word' id='word_1_256' title='bbox 1150 2837 1211 2899; x_wconf 92' lang='grc' dir='ltr'>βου-</span> 
     </span>
     <span class='ocr_line' id='line_1_29' title="bbox 197 2921 518 2988; baseline 0.003 -14"><span class='ocrx_word' id='word_1_257' title='bbox 197 2921 309 2986; x_wconf 88' lang='grc' dir='ltr'>λόμενοι</span> <span class='ocrx_word' id='word_1_258' title='bbox 327 2927 518 2988; x_wconf 85' lang='grc' dir='ltr'>κατηγοροῖεν.</span> 
     </span>
    </p>
   </div>
   <div class='ocr_carea' id='block_1_9' title="bbox 270 3034 1210 3106">
    <p class='ocr_par' dir='ltr' id='par_1_16' title="bbox 270 3034 1210 3106">
     <span class='ocr_line' id='line_1_30' title="bbox 270 3034 1210 3106; baseline 0.004 -18"><span class='ocrx_word' id='word_1_259' title='bbox 270 3034 367 3089; x_wconf 78' lang='lat' dir='ltr'>Svas</span> <span class='ocrx_word' id='word_1_260' title='bbox 383 3036 429 3103; x_wconf 86' lang='lat' dir='ltr'>(cf.</span> <span class='ocrx_word' id='word_1_261' title='bbox 443 3035 496 3090; x_wconf 84' lang='lat' dir='ltr'>lex.</span> <span class='ocrx_word' id='word_1_262' title='bbox 513 3035 539 3090; x_wconf 85' lang='lat' dir='ltr'>S.</span> <span class='ocrx_word' id='word_1_263' title='bbox 554 3036 644 3104; x_wconf 78' lang='lat' dir='ltr'>quint.</span> <span class='ocrx_word' id='word_1_264' title='bbox 658 3055 686 3105; x_wconf 91' lang='lat' dir='ltr'>p.</span> <span class='ocrx_word' id='word_1_265' title='bbox 697 3041 758 3103; x_wconf 81' lang='grc'>259,</span> <span class='ocrx_word' id='word_1_266' title='bbox 770 3039 826 3106; x_wconf 85' lang='grc'>13);</span> <span class='ocrx_word' id='word_1_267' title='bbox 842 3038 1040 3104; x_wconf 92' lang='grc' dir='ltr'>ἐργολάβος·</span> <span class='ocrx_word' id='word_1_268' title='bbox 1056 3039 1108 3104; x_wconf 87' lang='grc' dir='ltr'>ούχ</span> <span class='ocrx_word' id='word_1_269' title='bbox 1121 3039 1210 3105; x_wconf 78' lang='grc' dir='ltr'>ύίςπερ</span> 
     </span>
    </p>
   </div>
   <div class='ocr_carea' id='block_1_10' title="bbox 158 3125 1314 3306">
    <p class='ocr_par' dir='ltr' id='par_1_17' title="bbox 158 3125 1314 3306">
     <span class='ocr_line' id='line_1_31' title="bbox 158 3125 1314 3195; baseline 0 -18"><span class='ocrx_word' id='word_1_270' title='bbox 158 3138 184 3177; x_wconf 83' lang='grc' dir='ltr'>ω</span> <span class='ocrx_word' id='word_1_271' title='bbox 199 3127 229 3179; x_wconf 90' lang='grc' dir='ltr'>ἐν</span> <span class='ocrx_word' id='word_1_272' title='bbox 247 3131 282 3193; x_wconf 84' lang='grc' dir='ltr'>τῇ</span> <span class='ocrx_word' id='word_1_273' title='bbox 302 3125 431 3194; x_wconf 88' lang='grc' dir='ltr'>(υνηθείᾳ</span> <span class='ocrx_word' id='word_1_274' title='bbox 448 3127 586 3191; x_wconf 83' lang='grc' dir='ltr'>δοκοῦμεν</span> <span class='ocrx_word' id='word_1_275' title='bbox 600 3128 753 3193; x_wconf 92' lang='grc' dir='ltr'>ἐργολάβον</span> <span class='ocrx_word' id='word_1_276' title='bbox 768 3129 859 3180; x_wconf 85' lang='grc' dir='ltr'>καλεῖν</span> <span class='ocrx_word' id='word_1_277' title='bbox 873 3127 924 3179; x_wconf 89' lang='grc' dir='ltr'>τὸν</span> <span class='ocrx_word' id='word_1_278' title='bbox 938 3127 1008 3194; x_wconf 88' lang='grc' dir='ltr'>ύπέρ</span> <span class='ocrx_word' id='word_1_279' title='bbox 1022 3143 1107 3180; x_wconf 90' lang='grc' dir='ltr'>τινων</span> <span class='ocrx_word' id='word_1_280' title='bbox 1122 3128 1210 3194; x_wconf 81' lang='grc' dir='ltr'>ἔργων</span> <span class='ocrx_word' id='word_1_281' title='bbox 1297 3165 1314 3195; x_wconf 68' lang='grc'>,.</span> 
     </span>
     <span class='ocr_line' id='line_1_32' title="bbox 270 3229 1314 3306; baseline 0.006 -23"><span class='ocrx_word' id='word_1_282' title='bbox 270 3235 304 3284; x_wconf 88' lang='grc'>30</span> <span class='ocrx_word' id='word_1_283' title='bbox 323 3231 360 3283; x_wconf 78' lang='lat' dir='ltr'>ad</span> <span class='ocrx_word' id='word_1_284' title='bbox 374 3230 461 3284; x_wconf 76' lang='lat' dir='ltr'><strong>uerba</strong></span> <span class='ocrx_word' id='word_1_285' title='bbox 476 3231 507 3286; x_wconf 84' lang='grc' dir='ltr'>ἐν</span> <span class='ocrx_word' id='word_1_286' title='bbox 520 3239 553 3301; x_wconf 78' lang='grc' dir='ltr'>τῇ</span> <span class='ocrx_word' id='word_1_287' title='bbox 569 3229 707 3306; x_wconf 77' lang='grc' dir='ltr'>συνηθείᾳ</span> <span class='ocrx_word' id='word_1_288' title='bbox 719 3275 724 3284; x_wconf 95' lang='grc'><em>.</em></span> <span class='ocrx_word' id='word_1_289' title='bbox 737 3275 742 3284; x_wconf 95' lang='grc'><em>.</em></span> <span class='ocrx_word' id='word_1_290' title='bbox 753 3235 848 3286; x_wconf 77' lang='grc' dir='ltr'>καλεῖν</span> <span class='ocrx_word' id='word_1_291' title='bbox 863 3231 898 3285; x_wconf 81' lang='lat' dir='ltr'>cf.</span> <span class='ocrx_word' id='word_1_292' title='bbox 909 3232 993 3285; x_wconf 69' lang='lat' dir='ltr'><strong>Dmns</strong></span> <span class='ocrx_word' id='word_1_293' title='bbox 1004 3230 1022 3285; x_wconf 84' lang='lat'>1.</span> <span class='ocrx_word' id='word_1_294' title='bbox 1033 3249 1054 3286; x_wconf 87' lang='grc' dir='ltr'>ε,</span> <span class='ocrx_word' id='word_1_295' title='bbox 1066 3249 1094 3299; x_wconf 92' lang='lat' dir='ltr'>p.</span> <span class='ocrx_word' id='word_1_296' title='bbox 1105 3239 1208 3286; x_wconf 79' lang='lat' dir='ltr'>XXVIII.</span> <span class='ocrx_word' id='word_1_297' title='bbox 1313 3261 1314 3289; x_wconf 81' lang='grc'>;</span> 
     </span>
    </p>
   </div>
   <div class='ocr_carea' id='block_1_11' title="bbox 197 3389 1210 3673">
    <p class='ocr_par' dir='ltr' id='par_1_18' title="bbox 197 3389 1210 3673">
     <span class='ocr_line' id='line_1_33' title="bbox 271 3389 1210 3462; baseline 0 -18"><span class='ocrx_word' id='word_1_298' title='bbox 271 3397 301 3444; x_wconf 93' lang='grc'>11</span> <span class='ocrx_word' id='word_1_299' title='bbox 317 3389 603 3460; x_wconf 72' lang='grc' dir='ltr'>περιοικοδομημένον</span> <span class='ocrx_word' id='word_1_300' title='bbox 616 3390 832 3456; x_wconf 72' lang='lat' dir='ltr'><strong>Radermacher,</strong></span> <span class='ocrx_word' id='word_1_301' title='bbox 846 3389 1126 3462; x_wconf 74' lang='grc' dir='ltr'>περιῳκοδομημένον</span> <span class='ocrx_word' id='word_1_302' title='bbox 1140 3391 1210 3446; x_wconf 80' lang='lat' dir='ltr'>Bek-</span> 
     </span>
     <span class='ocr_line' id='line_1_34' title="bbox 197 3459 1209 3532; baseline 0.002 -18"><span class='ocrx_word' id='word_1_303' title='bbox 197 3461 255 3526; x_wconf 81' lang='lat' dir='ltr'>ker,</span> <span class='ocrx_word' id='word_1_304' title='bbox 275 3464 339 3529; x_wconf 74' lang='grc' dir='ltr'>περὶ</span> <span class='ocrx_word' id='word_1_305' title='bbox 356 3460 530 3531; x_wconf 72' lang='grc' dir='ltr'>οἰκοδόμημα</span> <span class='ocrx_word' id='word_1_306' title='bbox 546 3459 633 3531; x_wconf 88' lang='grc' dir='ltr'>μόνον</span> <span class='ocrx_word' id='word_1_307' title='bbox 649 3462 726 3532; x_wconf 82' lang='lat' dir='ltr'>uulg.</span> <span class='ocrx_word' id='word_1_308' title='bbox 800 3467 834 3515; x_wconf 90' lang='grc'>12</span> <span class='ocrx_word' id='word_1_309' title='bbox 852 3465 983 3516; x_wconf 80' lang='grc' dir='ltr'>παντελεῖ</span> <span class='ocrx_word' id='word_1_310' title='bbox 995 3462 1123 3531; x_wconf 62' lang='lat' dir='ltr'><strong>hester,</strong></span> <span class='ocrx_word' id='word_1_311' title='bbox 1142 3482 1209 3517; x_wconf 85' lang='grc' dir='ltr'>παν-</span> 
     </span>
     <span class='ocr_line' id='line_1_35' title="bbox 197 3529 1208 3604; baseline 0.003 -19"><span class='ocrx_word' id='word_1_312' title='bbox 197 3536 260 3600; x_wconf 83' lang='grc' dir='ltr'>τελῆ</span> <span class='ocrx_word' id='word_1_313' title='bbox 284 3533 358 3587; x_wconf 84' lang='lat' dir='ltr'>libn&#39;.</span> <span class='ocrx_word' id='word_1_314' title='bbox 467 3540 501 3586; x_wconf 73' lang='lat'>‘22</span> <span class='ocrx_word' id='word_1_315' title='bbox 521 3530 574 3602; x_wconf 85' lang='grc' dir='ltr'>ἀφ’</span> <span class='ocrx_word' id='word_1_316' title='bbox 596 3575 624 3587; x_wconf 92' lang='grc'>..</span> <span class='ocrx_word' id='word_1_317' title='bbox 645 3532 728 3601; x_wconf 77' lang='grc' dir='ltr'>ἐτίθη</span> <span class='ocrx_word' id='word_1_318' title='bbox 746 3532 870 3598; x_wconf 81' lang='lat' dir='ltr'>Bekker,</span> <span class='ocrx_word' id='word_1_319' title='bbox 900 3529 952 3602; x_wconf 77' lang='grc' dir='ltr'>ὑφ’</span> <span class='ocrx_word' id='word_1_320' title='bbox 975 3575 1002 3587; x_wconf 92' lang='grc'>..</span> <span class='ocrx_word' id='word_1_321' title='bbox 1023 3532 1113 3588; x_wconf 77' lang='grc' dir='ltr'>ἐτίθει</span> <span class='ocrx_word' id='word_1_322' title='bbox 1134 3534 1208 3604; x_wconf 80' lang='lat' dir='ltr'>uulg.</span> 
     </span>
     <span class='ocr_line' id='line_1_36' title="bbox 203 3600 668 3673; baseline 0 -17"><span class='ocrx_word' id='word_1_323' title='bbox 203 3609 233 3656; x_wconf 63' lang='grc' dir='ltr'>Ἦ</span> <span class='ocrx_word' id='word_1_324' title='bbox 252 3600 280 3656; x_wconf 80' lang='grc' dir='ltr'>δ’</span> <span class='ocrx_word' id='word_1_325' title='bbox 298 3601 349 3658; x_wconf 80' lang='grc' dir='ltr'>οάν</span> <span class='ocrx_word' id='word_1_326' title='bbox 368 3602 487 3672; x_wconf 76' lang='lat' dir='ltr'>Bokkor,</span> <span class='ocrx_word' id='word_1_327' title='bbox 506 3613 575 3673; x_wconf 68' lang='grc' dir='ltr'>γοῦν</span> <span class='ocrx_word' id='word_1_328' title='bbox 593 3604 668 3657; x_wconf 90' lang='lat' dir='ltr'>libri.</span> 
     </span>
    </p>
   </div>
   <div class='ocr_carea' id='block_1_12' title="bbox 0 0 1336 3906">
    <p class='ocr_par' dir='ltr' id='par_1_19' title="bbox 0 0 1336 3906">
     <span class='ocr_line' id='line_1_37' title="bbox 0 0 1336 3906; baseline 0 2"><span class='ocrx_word' id='word_1_329' title='bbox 0 0 1336 3906; x_wconf 95' lang='lat' dir='ltr'> </span> 
     </span>
    </p>
   </div>
  </div>
 </body>
</html>
