2666 3912
489 216 521 266 V.
541 217 628 265 ΠΕΡΙ
647 215 779 266 Now
1099 214 1139 276 ’Π

123 375 184 426 ὄντι
204 375 413 442 ὀργιζδμςνωῆ
435 375 606 442 φοβούμενοι
625 378 642 441 ἢ
663 376 886 438 ἀγανακτοῦντες
905 378 922 442 ἢ
942 369 1103 442 ὑπὸκῑηλα
1121 373 1139 445 -ί

78 448 187 605 Q(
211 466 228 530 ἠ
253 464 308 516 ὑπὸ
332 465 416 516 ἄλλου
440 466 515 518 τινός
538 465 639 531 (πολλὰ
661 465 714 530 γάρ
738 466 783 517 καί
807 464 980 531 ἀναρίθμητα
997 387 1139 531 Roga}
1155 469 1189 517 45
1202 462 1235 517 V.

125 567 155 610 οι
181 552 187 569 ’
206 553 240 604 ἂν
259 551 345 606 εἰπεῖν
363 561 404 606 τις
423 554 511 606 δπὸςα
530 554 655 620 δύναιτο)
682 553 812 606 ἑκάςτοτε
830 554 1055 620 παραπίπτοντες
1074 555 1143 606 ἄλλα

124 643 247 707 προθέμε
336 643 445 695 ολλάκις
468 642 513 695 ἐπ’
531 644 599 695 ἄλλα
623 644 811 717 μεταπηδῶςι,
839 644 905 708 μέςα
923 644 991 715 τινά
1004 645 1143 723 παρεμβα·

125 659 428 816 λόντεῷγιῖἷῇεῑπ
446 731 524 784 αὖθις
538 731 582 784 ἐπί
596 731 631 784 τά
644 735 743 796 πρῶτα
758 732 978 785 άνακυκλοῦντες
993 734 1037 784 καί
1050 732 1142 796 πάντη
1171 745 1183 784 5

126 820 196 885 πρὸς
214 823 265 886 τῆς
284 820 412 886 ἀγωνίας,
432 822 471 874 άις
490 821 538 873 ὑπ’
556 821 676 873 ἀςτάτου
695 822 866 897 πνεύματος,
885 823 953 888 τῇδε
972 821 1077 873 κάκεῖςε
1097 821 1144 884 ἀγ-

127 925 185 984 χιςτ
203 909 284 975 όφως
302 910 505 975 άντιςπώμενοι
522 911 572 964 τάς
590 911 675 985 λέξεις
692 895 870 985 zomon-cet}
887 911 990 992 7on
1008 914 1059 962 τοῦ
1074 910 1144 962 κατὰ

112 994 117 1016 '
159 997 210 1049 ’ςιν
233 997 329 1064 εἱρμοῦ
353 999 493 1066 παντρίως
516 999 585 1064 πρὸς
605 999 708 1074 μυρίας.
720 1000 826 1077 τροπάς
847 999 1041 1064 έναλλάττουςι
1059 998 1144 1063 τάξιν,
1172 1036 1230 1085 f]

128 1086 204 1139 οὕτω
227 1088 303 1153 παρὰ
325 1093 383 1144 τοῖς
401 1087 520 1152 άρίςτοις
538 1067 723 1154 ςυγγγιῖιωεῦςι
742 1089 787 1142 διά
805 1093 864 1142 τῶν
883 1089 1048 1154 δπερβατιῦν
1067 1076 1168 1159 ἠῶ
1220 1098 1223 1153 ξ
1254 1079 1269 1141 ί
1288 1113 1302 1155 ·,

126 1169 209 1240 ollio}
230 1176 277 1228 ἐπί
294 1177 337 1228 τά
351 1149 769 1262 πηξῶἔργαιρέρεῇι
807 1179 871 1230 τότε
890 1179 943 1242 γὰρ
962 1179 979 1242 ἡ
999 1176 1188 1256 τΜτέ-ιρ
1216 1168 1221 1257 ί
1254 1169 1284 1229 :3⁴

128 1265 208 1329 λειος,
232 1265 304 1330 ἡνίκ’
327 1266 361 1317 ἂν
385 1249 667 1348 <P0<QQQ
678 1253 795 1344 ἡδ’-οῦ
814 1267 900 1344 φύςις
914 1265 1053 1331 ἐπιτυχής,
1078 1237 1264 1346 ὅτανΔᾮ

111 1352 320 1406 Ἲιαγθάνουςαν
338 1343 451 1421 περιέχῇ
471 1355 524 1419 τὴν
543 1355 652 1420 τέχνην.
690 1356 785 1430 άίςπερΙ
797 1355 1062 1432 ,λέγειδ-,φωκαεῦς
1082 1354 1178 1425 Alo.
1248 1368 1261 1391 ι

129 1442 221 1514 νύςιος
244 1459 265 1493 π
307 1443 312 1458 “
370 1495 374 1510 ,
403 1441 409 1458 ‘
487 1443 544 1495 ότω
565 1441 663 1510 (v111)
688 1443 743 1496 ‘eui
768 1447 851 1510 ξυροῦ
876 1444 929 1509 γάρ
948 1443 1037 1508 ἀκμῆς
1056 1443 1147 1506 ἔχεται

130 1530 195 1596 ἡμῖν
221 1532 256 1583 τὰ
280 1532 442 1598 πράγματα,
470 1533 569 1598 ἄνδρε(
587 1533 690 1599 Ἴωνες,
717 1535 788 1586 εῖναι
814 1533 967 1598 ἐλευθέροις
993 1535 1011 1597 ἢ
1038 1532 1147 1584 δούλοις
1211 1568 1213 1574 .

131 1621 175 1671 καὶ
203 1620 313 1672 τούτοις
341 1621 380 1672 άις
408 1623 582 1690 δραπέτηςιν.
619 1626 670 1674 νῦν
698 1623 739 1674 ὡν
767 1622 845 1686 ὑμεῖς
872 1623 907 1686 ἢν
936 1622 985 1684 μὲν
1015 1621 1148 1686 βοῦληςθε
1162 1635 1188 1676 15

131 1707 316 1773 ταλαιπωρίας
339 1709 507 1776 ἐνδέχεςθαι,
530 1713 699 1776 παραχρῆμα
719 1711 769 1775 μὲν
787 1711 875 1763 πόνος
893 1710 970 1774 ῦμῖν,
994 1708 1097 1762 οἷοίτε
1117 1709 1147 1761 δὲ

132 1795 221 1848 ἔςεςθε
247 1796 445 1862 ὑπερβαλέςθαι
467 1801 533 1852 τοὺς
557 1799 726 1863 πολεμίους’.
765 1800 802 1866 (2)
828 1799 940 1851 ἐνταῦθ’
957 1799 994 1863 ῆν
1018 1798 1051 1850 τὸ
1078 1797 1148 1849 κατὰ

131 1885 208 1938 τάξιν
229 1884 264 1937 Ἧι
279 1887 377 1952 ἄνδρες
391 1888 490 1953 Ἴωνες,
510 1893 561 1940 νῦν
574 1889 668 1954 καιρός
682 1889 754 1940 ἐςτιν
768 1889 832 1952 ὑμῖν
847 1887 951 1939 πόνους
966 1887 1146 1950 ἑπιδέχεςθαι·

133 1974 177 2025 ἐπί
201 1976 285 2039 ξυροῦ
309 1976 362 2041 γάρ
385 1976 474 2042 ἀκμῆς
498 1978 588 2041 ἔχεται
610 1979 676 2043 ἡμῖν
699 1977 734 2030 τά
755 1975 924 2042 πράγματα’.
962 1977 1028 2028 ὁδέ
1045 1975 1079 2027 τά
1099 1976 1148 2038 μὲν

135 2061 245 2128 ’ἄνδρες
267 2062 369 2117 Ἴωνες’
394 2065 600 2131 ῦπερεβίβαςεν’
627 2067 819 2132 προειςέβαλεν
842 2066 893 2118 οῦν
917 2066 999 2118 εὐθὺς
1022 2064 1078 2116 άπὸ
1097 2068 1189 2120 τοῦτο

133 2152 239 2218 φόβου,
264 2153 303 2205 άις
322 2153 386 2218 μηδ’
405 2154 493 2219 ἀρχὴν
513 2155 632 2219 φθάνων
648 2155 719 2220 πρὸς
738 2154 771 2207 τὸ
790 2155 914 2219 ἐφεςτὼς
932 2155 995 2206 δέος
1013 2168 1149 2219 προςαγο-

132 2245 226 2305 ρεῦςαι
244 2243 311 2296 τοὺς
329 2242 496 2295 ἀκούοντας·
519 2245 614 2296 ἔπειτα
632 2245 663 2296 δέ
680 2245 734 2309 τὴν
752 2248 810 2296 τιῖιν
828 2243 980 2309 νοημάτων
999 2242 1149 2307 ἀνέςτρεψε

134 2330 222 2383 τάξιν·
251 2331 306 2396 πρὸ
331 2331 384 2397 γάρ
409 2336 461 2384 τοῦ
490 2336 575 2398 φήςαι
600 2334 644 2385 ὅτι
669 2334 772 2385 αὐτοῦς
797 2334 837 2385 δεῖ
861 2338 957 2396 πονεῖν
980 2333 1077 2399 (τοῦτο
1096 2332 1149 2397 γάρ

135 2419 207 2470 ἐςτιν
231 2419 492 2487 δπαρακελεῦεται)
518 2422 671 2487 ἔμπροςθεν
694 2421 844 2475 ἀποδίδωςι
866 2423 919 2487 τὴν
943 2420 1032 2474 αἰτίαν
1056 2421 1091 2474 δι’
1114 2421 1149 2486 ἣν

135 2512 231 2560 πονεῖν
250 2510 299 2574 δεῖ,
320 2507 376 2561 (ἐπὶ
395 2512 479 2575 ξυροῦ
499 2509 598 2576 ἀκμής’
619 2510 709 2577 φήςας
729 2509 832 2575 *ἔχεται
850 2513 915 2575 ἡμῖν
932 2511 966 2563 τὰ
980 2510 1149 2576 πράγματα’,
1165 2525 1190 2566 ιι

136 2597 175 2648 ὡς
201 2597 237 2661 μὴ
265 2598 356 2650 δοκεῖν
382 2598 532 2664 ἐςκεμμένα
557 2600 647 2661 λέγειν
672 2599 731 2651 ἀλλ’
749 2600 959 2667 ἠναγΙκαςμένα.
997 2600 1033 2668 (3)
1053 2601 1094 2653 ἔτι
1119 2601 1149 2652 δέ
1164 2607 1198 2654 46
1211 2599 1243 2653 V.

136 2687 240 2749 μᾶλλον
263 2686 278 2738 δ
298 2686 471 2753 Θουκυδίδης
494 2690 537 2740 καῖ
560 2689 595 2740 τά
619 2688 699 2754 φύςει
721 2689 835 2742 πάντως
858 2689 989 2755 ἡνωμένα
1013 2691 1056 2742 καῖ
1076 2689 1152 2741 ἀδια-

135 2775 242 2840 νέμητα
260 2775 336 2841 ὅμως
354 2781 414 2828 ταῖς
432 2777 609 2842 ῦπερβάςεςιν
628 2777 676 2829 ἀπ’
694 2777 821 2843 ἀλλήλων
840 2779 917 2841 ἄγειν
936 2778 1101 2830 δεινότατος.
1136 2778 1151 2830 ὁ

137 2864 168 2916 δέ
187 2864 369 2930 Δημοςθένης
392 2865 444 2929 οὐχ
467 2866 558 2936 οὕτως
582 2867 631 2930 μὲν
655 2866 779 2932 αῦθάδης
802 2868 893 2932 ὥςπερ
917 2867 1012 2932 οὗτος,
1036 2867 1151 2920 πάντων

138 2950 164 3004 δ’
181 2952 212 3003 ἐν
234 2957 274 3020 τῷ
299 2953 373 3015 γένει
394 2954 488 3022 τούτῳ
511 2955 746 3020 κατακορέςτατος
768 2959 811 3008 καί
830 2957 900 3008 πολὺ
919 2957 953 3009 τά
972 2955 1152 3019 ἀγωνιςτικὸν
1167 2971 1193 3010 ιο

138 3041 168 3094 ἐκ
189 3045 242 3093 τοῦ
266 3042 457 3107 ῦπερβιβάῑειν
480 3045 524 3096 καῖ
548 3045 587 3096 ἔτι
610 3046 645 3108 νὴ
665 3044 720 3097 Δία
737 3045 770 3097 τὸ
790 3046 818 3097 ἐξ
837 3046 964 3108 ὑπογύου
984 3045 1073 3108 λέγειν
1093 3061 1152 3097 ςυν-

209 3170 266 3218 2ῖυ
285 3164 319 3218 of.
339 3163 372 3217 fr.
394 3170 435 3232 73,
456 3171 489 3218 16
499 3183 520 3219 ιι.

137 3307 227 3362 latum
250 3309 366 3376 quidem
388 3324 443 3375 quo
468 3308 594 3364 definitio
614 3309 789 3376 absoluotm,
816 3311 862 3363 cui
885 3310 992 3364 nomini
1015 3326 1088 3378 quae
1112 3327 1152 3364 se-

138 3381 263 3447 quuntur
281 3377 405 3448 appositi
423 3378 485 3433 loco
505 3379 604 3433 addita
623 3383 704 3434 ναοῦ.

213 3455 244 3502 16
264 3451 343 3520 ἡμεῖς
361 3450 440 3516 liber,
460 3468 528 3504 oorr.
549 3467 583 3504 ox
600 3451 750 3506 Herodoto.
835 3457 867 3505 16
886 3449 1077 3520 ταλαιπωρίας
1094 3452 1154 3505 Ma-

138 3521 244 3584 nutius.
259 3519 461 3589 ταλαιπωρίαις
475 3521 554 3576 libor.
628 3529 660 3576 21
680 3523 769 3595 ἀρχὴν
784 3522 971 3589 Βοίιοῐίθίίυε,
988 3522 1060 3594 ἀρχὴ
1075 3523 1153 3577 liber.

139 3597 173 3644 22
193 3591 345 3661 ἀνέστρεψε
364 3593 480 3658 Finekh,
501 3593 658 3662 ἀπέστρεψε
676 3594 755 3648 liber.
792 3643 793 3646 ,
