2666 3912
309 231 384 282 vnn.
404 228 677 280 nunrpnnnnsnu
695 229 795 280 suns
812 228 957 280 sunnon
1075 225 1139 290 129

125 387 158 442 V.
174 387 208 442 de
221 386 412 440 Wilsmowitz
431 387 572 458 (αολαιιιίλ.
591 388 617 442 d.
632 389 803 458 yeseltsshuft
820 389 847 442 ἀ.
865 387 1087 453 wissenschaften
1105 404 1141 442 ιν

9 487 11 500 “
127 479 214 533 Goett.
226 478 371 546 phut-hist.
386 477 421 530 Ιιλ.
440 477 506 532 NF.
526 481 587 530 ΝΒ
606 495 634 545 p.
650 482 691 544 70,
707 479 742 546 3).
779 477 837 529 iam
856 478 940 532 antea
958 477 1141 530 ancunannn

124 565 168 652 (ir.
180 569 223 635 23)
239 568 267 620 et
281 582 338 618 una
352 582 415 618 sum
429 581 462 618 eo
476 565 563 618 Baias
575 565 594 619 l.
605 582 628 619 a.
643 571 702 620 1112
718 583 745 636 p.
757 570 808 618 306
823 565 911 619 uerba
925 583 952 636 p.
965 570 1024 632 128,
1035 571 1140 620 23-26

125 655 266 708 exstantia
285 653 430 708 Calactino
450 654 646 708 attribuerunt.

593 975 674 1041 VIII

205 1120 635 1198 ΣΎΓΓΡΑΜΜΑΤΑ
660 1121 814 1196 ΥΠΕΡ
841 1121 1062 1197 Amos

195 1279 264 1345 150
293 1277 329 1366 (5
352 1318 387 1326 —
410 1303 440 1364 p.
487 1280 539 1364 30,
564 1280 583 1344 8
607 1312 641 1331 =
666 1276 782 1365 2413.)
828 1279 882 1344 Du
906 1296 1141 1345 svnnnuiusun

125 1392 239 1452 XXXII
254 1387 271 1449 7
288 1410 319 1471 p.
333 1386 386 1470 59,
400 1386 421 1451 5
436 1386 488 1452 V.:
507 1387 557 1451 ὅτι
571 1385 684 1470 μέντοι
698 1385 787 1470 καὶὴ
806 1397 943 1472 χρῆσις
961 1398 1038 1452 τῶν
1056 1389 1141 1472 τρό-

125 1516 221 1576 πων,
240 1494 348 1577 ὥσπερ
368 1488 470 1558 τᾶλλα
488 1494 596 1560 πάυτα
609 1495 693 1558 καλά
708 1491 745 1558 ἐν
764 1495 886 1576 λόγοις,
904 1494 1142 1578 προαγωγὸν

126 1599 177 1665 ἀεὶ
200 1601 296 1683 πρὸς
318 1602 359 1665 τὸ
384 1601 567 1684 ἄμετρον,
592 1601 696 1683 δῆλον
718 1601 793 1684 ἤδη,
816 1598 879 1665 κάν
900 1598 965 1682 ἐγὼ
984 1601 1028 1684 μὴ
1048 1599 1142 1683 λόγω.

126 1705 179 1772 ἐπὶ
207 1708 270 1792 γάρ
293 1708 425 1782 τούτοις
447 1705 502 1772 καὶ
525 1709 585 1772 τὸν
608 1708 803 1771 Πλάτωυα
833 1707 894 1789 οὐχ
923 1707 1041 1789 ἥκιστα
1071 1708 1142 1772 δια·
1169 1726 1182 1766 s

127 1815 284 1898 σύρουσι,
321 1814 511 1889 πολλάκις
548 1814 675 1897 ὥσπερ
710 1813 783 1878 ὑπὸ
815 1815 1003 1897 βακχείας
1035 1815 1143 1890 τινὸς

10 1999 18 2008 ς
126 1933 203 1987 τῶν
245 1923 373 2003 λόγων
410 1923 465 1997 είς
502 1920 697 2006 ἀκράτους
735 1918 799 1984 καὶ
832 1918 994 2004 ἀπηνεῖς
1030 1944 1143 2001 μετα-

126 2029 251 2114 φοράς
283 2028 347 2092 καί
380 2029 436 2103 είς
468 2026 732 2112 ἀλληγορικὸν
767 2029 945 2110 στόμφον
983 2026 1143 2111 ἐκφερό-

126 2158 255 2216 μενον.
297 2133 353 2198 ‘oni
378 2135 448 2218 γὰρ
473 2131 615 2221 ῥᾴδιον
638 2132 832 2200 ἐπινοεῑν’
858 2135 981 2217 φησίν
1004 2142 1050 2210 (de
1067 2144 1141 2214 legg.

126 2259 163 2304 vl
183 2249 269 2318 ἵκεο)
298 2241 375 2304 ’ότι
402 2243 519 2306 πόλιν
547 2235 651 2306 εἶναι
674 2241 775 2325 (δεῖ)
804 2242 919 2325 δίκην
949 2250 1182 2325 κρατηροςιο

15 2425 19 2432 .
126 2345 431 2431 κεκερασμένην,
460 2343 506 2412 οὗ
533 2351 773 2430 μαινόμενος
800 2343 870 2429 μὲν
898 2343 1007 2424 οἶνος
1036 2345 1142 2430 ἐγκε-

126 2452 295 2537 χυμένος
318 2457 387 2536 ζεῖ,
410 2456 672 2535 κολαζόμενος
696 2453 725 2518 δ’
749 2454 823 2519 ὑπὸ
845 2456 1045 2538 νήφοντος
1064 2452 1142 2519 ἑτέ-

126 2583 199 2644 ρου
221 2565 320 2625 θεοῦ
344 2561 467 2642 καλὴν
485 2562 700 2624 κοινωνίαν
720 2561 850 2643 λαβὼν
869 2560 1022 2642 ἀγαθὸν
1040 2563 1143 2640 πόμα

126 2663 191 2730 καὶ
214 2665 375 2751 μέτριον
398 2665 679 2750 ἀπεργάζεται’.
715 2669 919 2750 „minatus
938 2667 1036 2751 γάρ“
1060 2670 1146 2750 φασί

127 2772 250 2856 ,,θεὸν
272 2775 313 2838 τὸ
337 2772 441 2858 ὕδωρ
466 2772 611 2856 λέγειν,
642 2775 806 2838 κόλασιν
830 2773 871 2837 ts
893 2773 964 2855 τὴν
985 2785 1142 2855 κρᾶσιν,
1157 2793 1182 2833 15

126 2888 293 2964 ποιητοῦ
326 2902 434 2956 τινος
465 2889 515 2968 τῷ
550 2881 636 2944 ὄντι
674 2879 761 2964 οὐχί
795 2881 994 2964 νήφοντός
1027 2877 1143 2944 ἐστι“.

171 2983 222 3074 (8)
246 2998 316 3062 τοῖς
336 2987 501 3063 τοιούτοις
520 2985 745 3068 ἐλαττώμασιν
764 2984 939 3069 ἐπιχειρῶν
957 2985 1044 3067 ὅμως
1063 2986 1143 3050 αὐτὸ

172 3091 226 3157 καί
264 3092 281 3158 ὁ
314 3096 501 3170 Κεκίλιος
534 3093 575 3159 ἐν
607 3103 690 3168 τοῖς
717 3092 825 3175 Ὑπὲρ
859 3096 1013 3156 Λυσίου
1051 3108 1144 3174 συγ-

172 3199 396 3284 γράμμασιν
434 3202 438 3282 Ι
477 3200 711 3285 ἀπεθάρρησεν
748 3208 800 3288 τῷ
837 3198 953 3264 παντί
991 3200 1144 3265 Λυσίαν
1160 3211 1193 3259 60
1208 3205 1240 3259 V.

173 3303 316 3387 ἀμείνω
354 3308 567 3383 Πλάτωνος
608 3307 862 3391 ἀποφήνασθαι,
906 3306 983 3371 δυσί
1019 3307 1183 3370 πάθεσιιο

201 3539 234 3588 10
258 3538 303 3589 δεῖ
320 3536 383 3589 add.
403 3554 437 3590 ax
454 3536 526 3591 PIat.
546 3536 699 3592 Manutius.
792 3543 833 3591 11.
855 3542 887 3590 12
911 3533 1092 3605 ἐγκεχυμένος
1111 3549 1144 3586 ex

127 3604 200 3659 Plat.
219 3605 372 3675 Manutius,
391 3608 573 3680 ἐκκεχυμένος
591 3608 688 3664 liber.-

182 3703 276 3746 Oasailti
291 3705 402 3748 Oulastini
415 3710 551 3758 fragmenta.
966 3700 981 3747 9
