2666 3912
495 237 528 286 V.
549 235 636 285 ΠΕΡΙ
654 235 787 286 ΤΨΟΤΣ
1108 231 1149 294 87

185 387 250 452 *96
269 395 311 447 Dii
326 412 502 448 smmum
515 402 580 448 va1
595 400 611 447 2
625 412 653 463 p.
669 399 755 461 41,17
772 393 818 447 V.:
839 391 958 464 σχεδὸν
974 393 1027 463 γὰρ
1042 391 1150 460 ὥσπερ

137 485 195 538 καλ
213 482 370 553 τάμυθρὰ
389 482 495 552 φέγγη
515 481 759 551 ἐναφανίζεται
776 487 819 555 τῷ
839 479 920 554 ἡλίῳ
944 481 1151 550 περιαυγοί-

136 593 232 642 μονα,
256 572 327 627 οὕτω
350 571 386 626 τὰ
408 581 457 642 τῆς
481 568 629 642 ῥητορικῆς
652 570 809 641 σοφίσματα
828 572 983 641 ἑξαμαυροῖ
997 570 1152 641 περιχυθὲν

134 660 281 716 πάντοθεν
298 659 330 716 τὸ
349 659 475 730 μέγεθος.
509 662 545 729 (3)
565 662 599 716 οὐ
617 659 712 728 πόρρω
731 658 758 716 δ’
778 661 842 723 ίσως
859 661 960 715 τούτου
979 660 1028 714 καί
1042 659 1088 714 ἐπί
1101 665 1151 726 τῆς

4 753 5 762 ’
31 764 37 783 ·
136 749 297 820 ζωγραφίας
313 771 341 805 τι
360 748 517 821 συμβαίνει’
537 750 592 804 ἐπί
611 749 673 819 γὰρ
691 759 751 804 τοῦ
770 751 875 804 αὐτοῦ
893 748 1059 818 κειμένων
1077 749 1150 802 ἐπι·
1178 761 1190 802 5

134 832 241 894 πέλλου
268 838 492 907 παραλλήλων
518 839 553 893 ἐν
575 841 727 922 χρώμασι
748 847 808 907 τῆς
830 848 929 902 σκιᾶς
951 859 984 892 τε
1010 837 1066 891 καί
1091 845 1150 891 τοῦ

135 925 257 996 φωτός,
282 926 369 997 ὅμως
391 931 593 1003 προϋπαντᾷ
616 948 649 981 τε
672 928 708 982 τὸ
733 937 801 997 φῶς
822 937 898 991 ταῖς
918 927 1017 997 ὄψεσι
1034 926 1093 980 καί
1112 926 1149 980 οὐ

134 1013 242 1086 μόνον
266 1017 385 1088 ἔξοχον
404 1015 487 1070 ἀλλὰ
505 1017 563 1070 καί
581 1015 746 1086 ἐγγυτέρω
766 1015 858 1084 παρὰ
876 1017 960 1070 πολὺ
979 1013 1148 1085 φαίνεται.

205 1159 241 1212 ad
255 1177 282 1212 u.
299 1165 367 1214 1—3
385 1159 419 1213 cf.
435 1158 468 1212 fr.
484 1165 517 1212 96
526 1177 552 1225 ο,
573 1159 609 1213 ad
622 1177 649 1212 u.
665 1166 716 1213 σεε
732 1159 766 1213 cf.
781 1159 814 1212 fr.
831 1164 863 1212 96
873 1161 897 1224 b,
915 1157 966 1211 ubi
981 1157 1150 1222 Quintiliani

132 1247 221 1302 uerba
240 1247 344 1301 similia
364 1249 482 1302 exstant.
555 1264 651 1301 omnes
665 1248 716 1302 hos
730 1248 806 1302 locos
821 1246 961 1302 (λοειπκνι
976 1247 994 1301 l.
1010 1265 1029 1300 s.
1045 1265 1072 1315 p.
1088 1252 1149 1313 60⁸,

132 1337 259 1390 anosn
277 1337 295 1390 l.
316 1354 338 1390 ο.
358 1356 385 1406 p.
406 1342 488 1404 1180,
512 1338 681 1392 Ananim<
699 1338 718 1391 l.
738 1355 761 1390 ο.
780 1356 807 1406 p.
827 1342 861 1390 50
881 1335 1003 1390 Caecilio
1022 1335 1149 1389 uindica-

132 1427 242 1480 uerunt.

182 1616 273 1681 *969
291 1623 413 1689 Quum.
434 1632 488 1678 VIII
508 1629 532 1688 ὁ,
553 1629 600 1678 29:
621 1667 626 1676 .
644 1667 649 1678 .
667 1667 672 1677 .
691 1630 723 1677 αλ
749 1624 780 1676 ι’νι
801 1623 855 1677 sole
877 1624 969 1677 sidera
993 1623 1056 1691 ι’γοεο
1079 1621 1150 1675 desi-

132 1718 204 1766 κκωλ
221 1713 302 1766 cerni.
1163 1725 1188 1763 10

203 1853 279 1922 uide,
298 1872 371 1922 quae
390 1855 427 1909 ad
445 1855 478 1909 fr.
499 1861 542 1923 96,
563 1861 632 1909 1-3
650 1854 757 1907 notaui.
779 1923 782 1928 Ι

181 2041 273 2107 *96b
294 2049 416 2114 θηται.
436 2059 490 2104 VIII
509 2057 534 2119 5,
551 2057 598 2106 26:
617 2069 666 2106 κιο
679 2053 802 2120 pictura,
821 2051 852 2104 ι’νι
871 2067 926 2119 qua
943 2049 1016 2103 ιιιλιιί
1034 2050 1149 2104 σίνοντο-

132 2139 213 2192 λιίιινι
232 2145 278 2204 est,
297 2140 401 2193 eminet.

202 2281 269 2333 uide
288 2280 383 2335 adnot.
404 2282 440 2334 ad
459 2281 492 2336 fr.
513 2288 555 2348 96,
576 2288 637 2336 σεε.

198 2467 243 2533 97
264 2475 306 2528 DI}
325 2495 500 2530 mummii
523 2486 624 2532 XXXIX
645 2484 658 2531 1
679 2497 705 2546 p.
726 2485 772 2544 71,
794 2484 826 2532 19
847 2477 892 2532 V.:
923 2521 928 2532 .
950 2521 955 2531 .
975 2479 1013 2532 οὐ
1041 2474 1147 2546 μόνον

130 2564 202 2618 ἐστί
225 2568 377 2628 πειθοῦς
399 2567 457 2620 καί
479 2567 608 2636 ἡδονῆς
630 2567 648 2637 ἡ
670 2567 818 2636 ἁρμονία
841 2564 988 2637 φυσικὸν
1011 2567 1146 2633 ἀνθρά-

130 2669 209 2714 ποις
234 2652 317 2706 ἀλλὰ
342 2655 400 2708 καί
425 2654 676 2724 μεγαληγορίας
701 2657 759 2710 καί
783 2655 920 2718 πάθους
944 2651 1186 2723 θαυμαστόν15

129 2760 164 2795 τι
183 2739 353 2813 ὄρλγανον.
383 2745 420 2813 (2)
440 2746 478 2798 οὐ
497 2743 559 2814 γὰρ
577 2742 679 2807 αὐλὸς
693 2743 752 2813 μὲν
766 2742 1036 2813 ἐντίθησίντινα
1049 2743 1144 2812 πάθη
1161 2750 1193 2796 72
1206 2742 1239 2797 V.

130 2839 203 2892 τοῖς
221 2831 456 2901 ἀκροωμένοις
474 2834 532 2887 καί
550 2828 626 2888 οἷον
640 2833 811 2902 ἔκφρονας
825 2834 883 2887 καί
897 2835 1145 2904 κορυβαντιασ-

130 2927 193 2988 μοῦ
212 2919 352 2988 πλήρεις
370 2921 542 2991 ἀποτελεῖ,
566 2923 623 2976 καί
647 2922 747 2994 βάσιν
770 2922 892 2985 ἐνδούς
914 2943 991 2977 τινα
1012 2921 1146 2992 ῥυθμοῦ

130 3005 214 3076 πρὸς
242 3009 369 3078 ταύτην
400 3011 587 3080 ἀναγκάζει
613 3011 749 3084 βαίνειν
777 3014 812 3066 ἐν
839 3009 957 3084 ῥυθμῷ
980 3012 1038 3064 καλ
1069 3028 1146 3066 συν-

131 3097 382 3166 εξομοιοῦσθαι
403 3104 447 3174 τῷ
471 3100 561 3170 μέλει
583 3098 643 3156 τὸν
666 3101 853 3170 ἀκροατήν,
879 3097 943 3154 κάν
962 3099 1109 3169 ἄμουσος
1128 3096 1185 3173 ᾖκο

130 3185 341 3256 παντάπασι,
360 3191 417 3243 καί
437 3190 475 3259 νὴ
490 3188 555 3244 Δία
570 3187 721 3260 φθόγγοι
735 3188 899 3258 κιθάρας,
918 3189 1020 3244 οὐδὲν
1034 3189 1145 3253 ἁπλῶς

130 3317 344 3326 ———=——-

203 3406 225 3454 I.
241 3405 257 3453 8
276 3402 325 3455 καί
339 3403 372 3457 οὐ
387 3403 474 3474 μόνον
488 3404 638 3472 Victorius,
657 3403 808 3474 καιόμενον
821 3405 900 3459 liber.
975 3412 1007 3459 15
1027 3408 1145 3475 μεγαλη-

130 3468 227 3539 γορίας
245 3471 361 3541 Tollius,
380 3474 438 3544 μετ’
456 3475 618 3544 ἐλευθερίας
635 3476 714 3530 liber.
809 3482 842 3531 16
861 3475 1006 3546 ἐντίθησίν
1025 3477 1144 3542 Vahlen,

129 3541 288 3612 ἐπιτίθησιν
305 3544 384 3599 liber.
486 3553 518 3602 19
538 3548 687 3617 ἀναγκάζει
706 3549 863 3616 Manutius,
892 3548 1046 3617 ἀναγκάσει
1063 3548 1143 3601 liber.

130 3618 164 3666 20
183 3613 304 3684 ἄμουσος
323 3607 340 3689 ᾖ
357 3618 500 3688 Βοίκὶωυε,
518 3619 618 3684 άλλους
636 3620 685 3690 ὅση
705 3620 784 3674 liber.
