2666 3912
465 201 512 250 IV.
533 200 620 250 ΠΕΡΙ
639 201 842 251 ΣΧΗΜΑΤΩΝ
1118 199 1159 263 57

214 359 257 424 75
283 358 331 446 (=
356 361 398 424 33
423 358 474 446 B.)
515 359 680 426 ΤιΒιιιιινυ
704 367 751 424 ΠΙ
773 385 804 447 p.
824 362 876 444 80,
898 362 937 426 18
959 361 1025 447 Sp:
1049 366 1161 428 καὶτὸ

143 474 199 548 τῆς
227 468 429 532 ἀλλοιώςεως
457 473 559 548 ςχῆμα
588 468 704 544 εἰςάγει
733 469 751 532 δ
777 470 959 546 Κεκίλιος,
991 471 1042 535 καί
1066 492 1161 550 φηςιν

144 576 244 654 αὐτὴν
278 576 417 651 γίνεςθαι
448 575 516 639 κατ’
536 574 646 653 ’ὄνομα
678 578 729 640 καὶ
761 578 896 642 πτώςεις
926 579 978 642 καὶ
1008 577 1161 657 ἀριθμοὺς

143 684 194 747 καὶ
215 682 374 760 πρόςωπα
396 684 448 747 καὶ
467 683 614 761 χρόνους,
656 685 708 746 καὶ
732 682 877 762 ὀνόματα
901 686 958 763 μὲν
978 683 1161 750 ἀλλοιοῦςιν

144 789 214 853 ἀντὶ
238 793 296 853 τοῦ
321 787 456 868 ἄρρενος
479 791 517 853 τὸ
542 794 621 867 θῆλυ
644 791 664 868 ἢ
688 791 726 854 τό
750 791 924 869 οὐδέτερον
951 791 1160 871 παραλαμβά-
1189 810 1202 850 υ

143 917 270 971 νοντες,
300 897 319 973 ἢ
348 902 394 980 τῷ
423 894 532 974 ἄρρενι
561 895 629 961 ἀντ’
658 895 782 975 ἀμφοῖν
811 898 983 976 χρώμενοι,
1015 899 1097 962 κατὰ
1124 900 1162 963 τὸ

128 1004 372 1106 πληθυντικόν,
404 1001 476 1066 οἷον
505 1004 595 1082 παρὰ
626 1006 684 1081 μὲν
714 1003 894 1088 Θουκυδίδῃ
923 1011 945 1079 (ι
964 1020 989 1082 υ,
1010 1012 1037 1080 ι)
1066 1003 1163 1069 ‘mica
1248 1095 1250 1102 Ι

144 1110 206 1188 γὰρ
238 1110 257 1186 ἡ
289 1107 401 1173 Ἑλλὰς
436 1108 670 1189 ἐςιδηροφόρει’
705 1110 776 1174 ἀντὶ
807 1115 874 1176 τῶν
902 1111 1078 1190 Ἑλλήνων,
1110 1114 1162 1176 καί

144 1223 180 1290 (11
199 1232 242 1292 44,
261 1224 288 1290 4)
313 1215 363 1280 ‘w
386 1217 558 1295 φιλότιμον
583 1216 694 1296 ἀγήρω
719 1217 831 1295 μόνον’
857 1217 927 1282 ἀντὶ
950 1223 1009 1283 τοῦ
1028 1219 1048 1296 ἡ
1068 1221 1161 1298 φιλο-

143 1324 241 1400 τιμία·
265 1323 439 1400 οὐδέτερον
463 1324 524 1402 γὰρ
545 1325 736 1403 μετείληφεν
755 1323 826 1389 ἀντὶ
845 1329 903 1389 τοῦ
923 1327 1047 1403 θήλεος.
1089 1307 1163 1404 περὶ
1177 1344 1203 1382 10

145 1432 181 1494 δὲ
204 1431 280 1494 τοὺς
304 1428 457 1508 ἀριθμοὺς
481 1429 662 1507 ἀλλοίωςις,
693 1432 736 1495 ὡς
760 1430 836 1510 παρ’
860 1432 1011 1496 Εὐπόλιδι
1036 1433 1071 1496 ἐν
1094 1433 1162 1509 Δή-

145 1557 215 1614 μοις
238 1545 281 1610 (fr.
304 1551 363 1612 104,
382 1545 440 1600 uol.
460 1553 473 1598 I
491 1566 519 1616 p.
539 1552 591 1601 285
610 1545 654 1611 K.)

251 1641 358 1708 ἅπαςα
381 1643 443 1722 γὰρ
466 1647 632 1722 ποθοῦμεν
654 1645 674 1721 ἡ
699 1647 806 1723 κλεινὴ
830 1646 925 1710 πόλις

144 1751 196 1812 καὶ
215 1750 303 1828 παρὰ
321 1751 520 1827 Δημοςθένει
544 1757 589 1823 (cf.
610 1768 649 1812 111
669 1760 713 1825 ιιι)
739 1752 838 1830 “ὑμεῖς
862 1751 889 1816 ὧ
915 1751 1036 1830 βουλή’.
1081 1753 1163 1817 κατὰ

145 1858 181 1920 δὲ
204 1857 244 1920 τὰ
267 1857 425 1934 πρόςωπα
449 1857 625 1934 ἀλλοίωςις,
649 1859 693 1922 ὡς
715 1859 803 1937 παρὰ
822 1866 868 1944 τῷ
888 1859 989 1944 αὐτῷ·
1013 1863 1081 1923 τοῖς
1101 1861 1162 1939 γὰρ
1178 1875 1203 1915 15

145 1959 312 2049 δικαίςταῑς
327 1965 556 2042 διαλεγόμενος
571 1966 770 2044 μετατίθηςιν
790 1966 907 2031 ἑαυτὸν
928 1966 980 2029 ἐπὶ
998 1967 1056 2030 τὸν
1076 1965 1268 2037 &wi-8151).

146 2073 235 2133 δικον
266 2069 328 2146 “ός,
359 2069 385 2134 ὦ
415 2072 595 2150 μιαρώτατε
619 2072 764 2148 πάντων,
794 2074 1013 2151 κεκλειςμένης
1036 2094 1084 2137 ςοι
1107 2078 1163 2150 τῆς

147 2175 333 2254 παρρηςίας’
354 2185 443 2249 (Dem.
464 2194 536 2239 xxv
555 2186 608 2252 ιο).
650 2181 702 2241 καὶ
720 2178 818 2243 πάλιν
838 2178 981 2243 ἀπὸτοῦ
1001 2178 1162 2243 ἀντιδίκου

148 2282 275 2359 μετάγει
300 2284 352 2347 ἐπὶ
375 2286 450 2348 τοὺς
475 2286 622 2349 δικαςτάς
645 2287 760 2362 λέγων,
788 2285 859 2350 οἷον
884 2295 973 2360 (Dem.
992 2303 1081 2349 xvm
1101 2294 1162 2360 314)

146 2389 224 2452 ‘nim
248 2389 376 2469 ἀνδρῶν
400 2395 466 2455 τῶν
490 2390 622 2467 ἀγαθῶν
646 2394 806 2471 με’μνηςαι.
846 2394 898 2456 καί
921 2396 1028 2457 καλῶς
1051 2397 1162 2457 ποιεῖς.
1178 2410 1203 2449 20

146 2497 184 2560 οὐ
210 2497 317 2572 μέντοι
337 2497 460 2562 δίκαιόν
480 2497 572 2574 ἐςτιν,
596 2498 622 2561 ὦ
643 2499 804 2578 Ἀθηναῖοι
828 2499 869 2563 ..’
908 2501 960 2564 καί
978 2498 1054 2578 παρ’
1074 2499 1162 2578 Εὐρι-

145 2603 221 2686 πίδῃ
246 2610 346 2676 (Orest.
367 2611 517 2677 κιο-ιιι)

254 2710 385 2787 φεύγεις
410 2709 628 2790 ἀποςτραφείς
652 2731 698 2789 με,
722 2712 763 2774 τά
786 2711 814 2775 δ’
838 2711 1076 2790 Ἀγαμέμνονος

253 2820 396 2895 φροῦδα·

149 2921 218 2986 εἶτα
242 2923 450 3002 μεταςτρέφει
474 2924 532 2987 τὸν
556 2924 657 2999 λόγον
681 2925 732 2987 ἐπὶ
756 2925 813 2988 τὸν
838 2924 1047 2990 ἀποθανόντα
1178 2943 1203 2983 ²⁶

219 3084 255 3132 1ο
274 3081 303 3132 et
323 3084 357 3132 14
382 3077 416 3132 uf.
443 3079 586 3150 Longinus
612 3080 735 3149 epitome
760 3080 813 3135 Rh.
840 3079 885 3134 Gr.
909 3087 955 3134 12
981 3053 1008 3149 p..
1029 3087 1163 3147 216,14ο

147 3165 193 3235 Sp.
213 3169 243 3220 et
259 3167 308 3232 Η.,
332 3167 382 3221 ubi
406 3167 504 3222 eadem
527 3168 577 3221 sed
598 3167 747 3237 paululum
767 3171 878 3224 mutata
897 3169 1024 3238 exempla
1043 3172 1162 3224 exstant.

148 3261 251 3309 15—1?
272 3255 306 3309 cf.
325 3255 359 3309 fr.
380 3258 446 3322 671),
463 3263 506 3310 le.
581 3263 635 3310 17⁸
655 3257 688 3310 cf.
708 3257 741 3310 fr.
762 3263 796 3311 94
814 3264 904 3329 μ.“81
924 3263 1003 3313 4-7.

220 3439 252 3487 13
272 3435 450 3522 ποθοῦμειιή
470 3433 608 3501 Meineke
627 3429 791 3505 ποθουμένη
810 3435 884 3489 libri.
960 3441 991 3488 15
1011 3433 1163 3502 ἀλλοίωσις,

147 3504 184 3564 ὡς
209 3503 285 3571 παρὰ
307 3508 346 3578 τῷ
370 3505 444 3576 αὐτῷ
464 3506 563 3574 sctipsi
589 3521 623 3559 ex
646 3507 807 3560 coniectura
826 3504 981 3576 Spengelii
1007 3508 1164 3568 ἀλλοιώσεις

148 3575 185 3637 ἀς
203 3572 269 3643 παρ’
291 3561 366 3648 αάίῲ
385 3558 459 3629 libri
