2666 3912
509 237 542 288 V.
563 238 650 287 ΠΕΡΙ
669 235 802 286 ΤΨΟΤΣ
1119 232 1161 296 69

146 397 240 480 μέρη
268 399 387 463 πάλιν
414 398 617 481 ὀνομάτων
640 421 679 462 τε
703 396 843 480 έκλομη
867 394 930 462 καὶ
954 397 974 480 ἡ
998 396 1162 479 τροπικὴ

27 492 29 502 ’
147 503 210 569 καὶ
229 503 472 588 πεποιημένη
492 503 609 586 λέξις,
631 503 760 588 πέμπτη
781 505 823 569 δὲ
840 503 1039 587 μεγέθους
1057 504 1164 567 αῖτία

147 610 212 675 καὶ
240 615 508 694 συχκλείουσα
536 611 581 676 τά
608 612 682 694 πρὸ
710 609 850 693 ἑαυτῆς
878 612 1042 692 ἅπαντα,
1073 609 1094 692 ἡ
1122 608 1164 674 έν

148 716 337 802 ἀξιώματι
364 719 427 782 καί
455 718 611 802 διάρσει
639 719 845 800 σύνθεσις,
877 715 958 802 φέρε
982 718 1024 800 δὴ
1046 718 1086 780 τά
1110 713 1164 799 έμ-

147 827 362 909 περιεχόμενα
380 822 458 890 ααθ’
480 823 620 908 ἑκάστην
639 823 733 889 ἰδέαν
751 825 881 889 τούτων
899 821 1164 904 ἐπισκεψώμεθα,
1191 842 1204 882 ε

147 940 310 997 τοσοῦτον
337 934 565 1017 προειπόντες,
597 931 648 996 ότι
675 942 743 995 τῶν
771 929 868 995 πέντε
895 932 1023 1012 μορίων
1051 929 1068 994 ὁ
1093 932 1164 993 Κε-

148 1041 274 1115 κίλιος
301 1040 393 1102 ἔστιν
420 1037 440 1102 ά
468 1036 662 1122 παρέλιπεν,
691 1038 735 1116 ὡς
762 1035 817 1102 καὶ
846 1038 882 1101 τὸ
911 1037 1021 1112 πάθος
1044 1034 1164 1117 άμέλει.

148 1142 198 1230 (2)
223 1143 294 1210 ἀλλ’
318 1146 346 1209 εί
372 1144 433 1229 μέν
456 1145 501 1220 ὡς
523 1143 565 1208 έν
587 1167 623 1209 τι
646 1142 750 1209 ταῦτ’
774 1145 900 1228 άμφοο,
931 1147 972 1207 τό
1001 1167 1039 1207 τε
1068 1142 1165 1219 ὕψος

148 1249 211 1315 καὶ
240 1253 280 1315 τὸ
309 1253 546 1335 παθητικόν,
574 1249 628 1316 καὶ
652 1249 766 1329 έδοξεν
790 1251 891 1338 αὐτῷ
920 1251 1043 1332 πάντη
1073 1256 1165 1313 οὐν-

148 1357 340 1442 υπάρχειν
369 1380 408 1422 τε
439 1357 624 1442 ἀλληλοις
653 1356 717 1424 καὶ
751 1356 1064 1440 συμπεφυκέναι,
1097 1358 1165 1420 δια·
1180 1375 1206 1414 1⁰

193 1464 360 1546 μαρτάνει.
406 1464 460 1529 καί
488 1465 552 1547 γάρ
579 1466 672 1547 πάθη
700 1466 775 1529 τινὰ
799 1465 958 1529 διεστῶτα
981 1463 1089 1539 ὕψους
1111 1461 1166 1527 καὶ

192 1569 330 1634 ταπεινά
360 1570 564 1654 εὑρίσκεται,
596 1571 748 1655 καθάπερ
782 1565 887 1635 οίκτοι
921 1575 1021 1635 λῦπαι
1055 1572 1167 1653 φόβοι,

193 1675 248 1740 καὶ
265 1673 407 1760 ἔμπαλιν
420 1678 526 1742 πολλά
539 1676 607 1760 ύψη
623 1678 699 1760 δίχα
713 1677 856 1760 πάθους,
875 1677 919 1750 ὡς
933 1678 1017 1761 πρὸς
1035 1682 1167 1759 μυρίοις

194 1784 306 1858 ἄλλοις
321 1781 375 1848 καὶ
389 1785 429 1847 τά
443 1782 519 1867 περὶ
533 1785 611 1859 τοὺς
620 1781 784 1858 Ἀλωάδας
793 1790 838 1870 τῷ
848 1791 979 1868 ποιητῇ(
988 1791 1004 1846 λ
1014 1791 1166 1858 315-317)

195 1889 507 1974 παρατετολμημένα

251 1992 376 2060 Ὄσσαν
399 1994 448 2060 ἐπ’
474 1997 642 2084 Οὐλύμπῳ
666 1995 816 2081 μέμασαν
839 1995 956 2080 θέμεν·
985 1995 1089 2080 αύτάρ
1114 1993 1164 2060 ἐπ’

355 2100 457 2188 ’Όσση
1135 2183 1141 2194 ,

262 2212 392 2293 Πήλιον
415 2211 665 2294 εἰνοσίφυλλον,
688 2208 733 2274 ἵν’
756 2209 899 2294 οὐρανὸς
922 2211 1065 2291 άμβατος
1089 2208 1151 2292 εἴη·

195 2317 250 2380 καὶ
273 2317 310 2380 τὸ
334 2317 465 2392 τούτοις
488 2313 535 2381 ἔτι
558 2321 671 2400 μεῖζον
694 2315 936 2402 ἐπιφερόμενον

261 2425 319 2487 καί
339 2423 382 2486 νύ
404 2446 463 2488 κεν
487 2421 704 2499 ἐξετέλεσσαν.
1182 2443 1209 2482 νο

195 2528 245 2615 (3)
269 2528 358 2613 παρά
385 2552 424 2612 με
451 2531 518 2613 μὴν
547 2539 617 2604 τοῖς
645 2529 782 2614 ῥήτορσι
810 2531 849 2593 τά
878 2528 1020 2611 ἐγκώμια
1049 2526 1103 2592 καὶ
1129 2529 1169 2592 τά

195 2637 343 2720 πομπικά
379 2637 434 2700 καί
471 2634 673 2700 έπιδεικτικά
710 2636 769 2700 τὸν
805 2632 866 2717 μὲν
903 2636 1004 2718 όχκον
1041 2633 1095 2699 καὶ
1132 2635 1168 2698 τὸ

194 2741 325 2825 ὑψηλὸν
358 2740 390 2820 ἐξ
424 2743 568 2819 ίίπαντος
603 2741 761 2828 περιέχει,
799 2743 931 2818 πάθους
969 2738 1006 2806 δέ
1038 2743 1169 2826 χηρεύει

195 2851 277 2912 κατὰ
304 2850 340 2913 τὸ
368 2854 537 2916 πλεῖστον·
570 2850 652 2915 ὅθεν
679 2850 796 2931 ἥκιστα
824 2860 891 2913 τῶν
919 2849 1069 2932 ῥητόρων
1098 2849 1102 2931 λ
1132 2849 1164 2914 οἱ
1181 2859 1213 2907 14
1227 2851 1262 2908 V.

194 2962 392 3040 περιπαθεῖς
419 2953 672 3040 ,έγκωμιαστικοὶ
699 2956 720 3039 ἢ
747 2953 889 3039 ἔμπαλιν
914 2957 947 3020 οῖ
971 2954 1167 3020 ε’παινετικοῖ
1183 2975 1209 3015 εε

194 3068 399 3144 περιπαθεῖς.
446 3060 496 3148 (4)
521 3064 550 3126 εῖ
576 3060 605 3126 δ’
633 3057 676 3126 αὖ
705 3062 806 3126 πάλιν
833 3059 871 3139 ἐξ
899 3062 994 3127 ὅλου
1022 3063 1070 3145 μὴ
1099 3060 1170 3124 ένό-

195 3185 291 3249 μισεν
320 3167 382 3251 <ὁ>
411 3170 596 3246 Κεκίλιος
628 3170 670 3233 τὸ
704 3165 877 3252 ἐμπαθὲς
904 3166 984 3252 (eg)
1016 3169 1060 3232 τὰ
1092 3167 1169 3249 ύψη

195 3274 288 3339 ποτέ
311 3267 519 3339 συντελεῖν
542 3275 596 3340 καί
621 3276 677 3339 διά
699 3273 789 3340 τοῦτ’
813 3275 882 3359 οὐχ
907 3273 1051 3358 ἡγήσατο
1075 3277 1169 3358 μνή-

196 3404 266 3462 μης
294 3379 420 3464 άξιον,
448 3381 537 3445 πάνυ
561 3382 771 3466 διηπάιηται·
801 3389 942 3467 θαρρῶν
966 3384 1028 3465 γάρ
1053 3379 1172 3463 άφορι-

1182 1907 1207 1949 15

222 3613 256 3662 27
277 3608 291 3664 ὁ
311 3625 363 3663 om.
383 3609 458 3663 libri.
532 3609 560 3672 ἐς
579 3610 642 3663 add.
663 3609 761 3664 Faber.
