2666 3910
519 229 736 280 PROOEMIVM
1018 227 1136 280 XXXIII

119 398 306 471 computasse
321 395 455 456 Platonis
473 397 625 473 dialogum
640 396 809 455 Phaedrum
828 395 865 455 ab
883 396 939 454 hoo
957 393 1134 472 philosopho

119 505 178 544 non
206 488 305 545 aetate
327 487 446 543 matura
475 491 505 544 et
528 489 745 560 consummata,
773 486 824 544 sed
846 485 1022 544 iuueniliter
1039 485 1135 545 exsul-

118 576 197 633 tanti
220 575 418 650 compositum
441 593 512 648 esse,
535 594 624 651 porro
648 577 701 651 qui
723 589 777 633 nos
801 575 886 633 docet
908 573 1037 634 Caecilio
1062 594 1134 650 quo·

118 683 175 740 que
193 665 262 722 illos
281 667 381 722 secuto
395 663 564 722 Phaedrum
583 664 736 741 dlalogum
754 663 890 723 Platonis
908 664 1039 722 iuuenile
1058 683 1134 740 opus

8 772 15 788 ·
117 772 179 812 esse
197 771 372 828 persuasum
391 754 492 812 fulsse.
530 753 671 812 Exsoribo
690 753 782 811 uerba
800 753 934 828 pulchra,
953 753 1060 828 quibus
1076 753 1135 811 Im-

116 842 259 902 mischius
283 841 517 917 disputationem
540 861 625 902 suam
649 842 812 900 concludit:
834 845 891 900 νοὶν
913 843 984 900 uber
1002 861 1135 902 molosson

115 933 163 990 ihr
186 921 310 1013 (seder
332 931 634 1004 leideaschastlicdlceit
651 933 702 990 des
723 922 881 1012 Caecilius)
905 931 1041 990 dauthar
1063 934 1134 1006 οονο,

117 1021 157 1080 da
179 1022 312 1096 offendar
333 1023 375 1080 sio
398 1039 427 1079 os
447 1039 576 1094 pewcsea
598 1024 649 1095 ist,
677 1023 724 1080 die
747 1023 811 1080 seire
837 1022 943 1080 wissea
969 1023 1032 1080 uod
1056 1023 1135 1080 some

115 1111 336 1184 pelehrsaonleeit
351 1112 385 1168 ν’νι
403 1111 557 1184 dewepuap
572 1114 677 1184 pesetet
694 1111 747 1170 dat
764 1109 829 1184 (sei
839 1127 867 1168 es
886 1128 938 1168 cor
957 1109 1026 1168 odo
1043 1111 1135 1168 uedeo

116 1200 185 1258 oder
202 1200 277 1260 nael
291 1195 430 1277 Dionps),
450 1202 509 1272 aas
523 1202 570 1258 cia
587 1201 722 1258 ννοιονίοί
740 1200 1020 1274 ewruecleupreifeu,
1040 1217 1071 1257 so
1091 1200 1133 1258 alt

116 1289 180 1346 und
197 1289 323 1365 leostdur,
345 1291 399 1348 wic
419 1307 448 1347 es
465 1291 499 1349 ia
521 1290 634 1356 lacem
656 1291 772 1349 scateo
794 1289 850 1361 sall
867 1290 920 1348 der
933 1289 1132 1361 platonisotee

117 1379 297 1452 chronolopie
318 1395 373 1438 ουν
394 1379 574 1452 uerfcepwnp
596 1379 674 1438 stete.

184 1465 355 1525 Sedunum
384 1467 423 1526 ad
452 1468 506 1526 illa
534 1469 704 1546 fragmenta
731 1467 895 1527 notandum
919 1471 972 1527 est.
1018 1467 1062 1524 Ex
1085 1469 1133 1540 iic,

115 1573 192 1630 quae
216 1556 363 1631 explicare
385 1557 474 1615 modo
498 1559 621 1616 conotus
644 1575 719 1631 sum,
742 1556 815 1616 satis
839 1557 936 1614 elucet
956 1555 1078 1615 Caecilii
1098 1554 1133 1614 τὰ

114 1640 189 1724 ὑπὲρ
208 1644 326 1704 Λυσίου
345 1644 557 1725 συγγράμματα
574 1665 593 1705 a
611 1645 850 1722 Pseudolongino
870 1645 964 1704 allata
985 1664 1046 1704 non
1065 1665 1132 1722 par-

114 1737 176 1792 tem
198 1734 269 1792 libri
292 1734 328 1792 de
346 1734 445 1792 decem
466 1736 632 1794 oratoribus
652 1737 813 1809 conscripti
831 1753 893 1793 esse
917 1735 1056 1810 potuisse,
1081 1734 1131 1794 sod

114 1825 228 1881 certum
256 1825 302 1883 est
327 1823 382 1881 illa
410 1823 620 1904 συγγράμματα
648 1825 724 1882 nihil
753 1823 835 1882 eliud
860 1825 951 1882 fuisso
979 1824 1038 1882 nisi
1061 1823 1131 1905 ody-

113 1928 211 1992 κρισιν
234 1913 308 1971 artis
331 1912 466 1972 Platonis
490 1919 520 1972 ct
543 1912 664 1990 Lysiae,
695 1916 841 1989 quatenus
866 1913 902 1970 ed
926 1911 978 1972 τὸν
1000 1911 1131 1972 λεκτικὸν

113 2000 206 2060 τόπον
232 2001 411 2077 pertinebat.
456 2003 535 2061 Nam
558 2003 640 2079 quod
667 2001 718 2062 τὸν
746 2000 949 2082 πραγματικὸν
971 2000 1063 2061 τόπον
1087 2006 1131 2060 at-

113 2092 200 2165 tinet,
220 2089 365 2150 Caecilius
384 2091 514 2166 minime,
533 2095 568 2150 ut
586 2112 620 2148 ex
640 2093 808 2170 fragmento
829 2094 893 2150 110
911 2111 939 2166 p.
961 2093 1012 2164 99,
1033 2093 1050 2148 5
1067 2111 1130 2167 sqq.

114 2181 236 2253 scimus,
263 2198 351 2239 caeco
379 2199 480 2240 amore
507 2180 630 2256 Lysiam
656 2181 801 2240 laudauit.
844 2179 902 2238 Sed
929 2181 985 2239 hoc
1013 2199 1130 2256 quoque

113 2269 291 2328 monendum
316 2272 374 2344 est,
398 2290 499 2344 exeo,
523 2271 602 2345 quod
626 2269 772 2329 Caecilius
795 2270 827 2327 in
849 2269 903 2328 illo
927 2268 963 2328 de
985 2269 1077 2345 Lysia
1101 2273 1131 2329 et

113 2357 239 2418 Platone
262 2357 338 2416 libro
362 2361 529 2435 conscripto
551 2379 661 2436 magno
685 2360 752 2418 odio
777 2362 807 2416 et
829 2377 939 2435 magna
961 2361 1130 2417 temeritate

112 2447 248 2507 PlatonIs
276 2448 482 2508 camllationes
509 2447 662 2508 affectatas
693 2467 787 2524 neque
817 2448 987 2506 moderatas
1015 2449 1130 2522 profert

113 2539 144 2595 ct
167 2536 301 2595 PlatouIs
325 2537 444 2615 dialogo
467 2537 603 2596 Phaedro
626 2537 883 2596 uehementissime
906 2537 1061 2596 lacessitus
1085 2537 1130 2594 ni·

112 2627 170 2684 mis
197 2627 300 2700 inique
328 2629 359 2686 et
384 2628 499 2686 infense
525 2627 653 2702 iudicat,
680 2646 740 2684 non
763 2625 928 2684 necessario
954 2625 1128 2684 concluden-

113 2715 185 2772 dum
213 2733 275 2774 esse
298 2714 461 2774 Caecilium
487 2717 614 2774 iuuenili
641 2716 747 2774 ardore
775 2717 805 2773 et
832 2716 949 2773 feruore
977 2717 1128 2790 arreptum

112 2803 234 2862 modum
264 2804 420 2864 excessisse
451 2806 479 2863 h.
505 2825 528 2863 e.
558 2825 618 2864 non
647 2804 812 2864 necessario
844 2804 1036 2863 statuendum
1066 2822 1128 2862 esse

114 2891 276 2950 Caecilium
298 2893 352 2953 illa
376 2893 586 2975 συγγράμματα
608 2897 749 2953 iuuenem
772 2894 933 2968 scripsisse.
980 2893 1071 2967 Nam,
1095 2896 1129 2950 ut

112 2981 206 3040 uerba
228 2981 392 3042 Immischii
415 2977 450 3064 (l.
468 3003 490 3044 s.
509 3003 537 3060 p.
558 2987 631 3059 243,
653 2976 686 3065 1)
709 2983 843 3054 laudem,
870 2981 1014 3041 Caecilius
1037 2982 1129 3040 wollte

109 3073 307 3143 paulisco
329 3074 392 3131 ared
412 3073 528 3146 ploubte
548 3075 688 3148 μενοίνεον
710 3070 828 3150 θέματα
849 3066 1069 3149 ὁμολογούμενα
1094 3073 1128 3129 ia

111 3163 209 3218 seiaer
230 3162 409 3236 auffassucp
428 3180 555 3237 persaepe
575 3167 662 3236 poton
684 3180 721 3222 ee
743 3163 845 3220 tabee.

325 3379 374 3432 De
396 3379 505 3434 libelli
530 3382 606 3452 περὶ
629 3375 739 3448 ὕψους
763 3381 912 3433 auctore.

179 3515 362 3576 Accedamus
396 3515 434 3576 ad
465 3517 750 3594 Pseudolonginum,
788 3518 840 3591 qui
876 3516 964 3594 longe
997 3515 1127 3589 plmu'ma

112 3603 281 3664 Caeciliana
305 3606 444 3666 seruauIt.
491 3607 592 3666 Etiam
619 3607 668 3663 hic
692 3624 807 3680 semper
829 3606 990 3664 tenendum
1014 3606 1071 3677 est,
1094 3603 1126 3660 id

166 3713 261 3754 caecilii
276 3713 388 3754 Calactlnl
402 3717 537 3766 {tegmenta
950 3721 965 3755 C
