2666 3912
185 211 225 275 78
544 214 575 264 v.
597 213 836 263 11E1>1T1110T2

182 371 328 439 εμφαίνων
352 374 397 426 καί
417 372 487 438 πράε
505 373 615 424 τούτοιε
634 371 672 424 εἰ(
691 373 742 425 τὸν
761 372 890 426 κίνδυνον
908 377 966 425 τῶν
986 377 1099 438 μακρῶν
1117 373 1201 439 ὑπερὲ

183 465 276 526 βοτῶν
301 462 369 514 τοὺ(
395 462 549 514 ἀκούοντας
574 464 825 527 ευνεπιεπώμενοε·
858 463 894 529 (4)
917 462 1048 515 πολλάκι(
1072 461 1126 527 γὰρ
1150 462 1201 514 τὸν

182 554 251 602 νοῦν
274 549 307 602 ὃν
331 551 459 616 ὥρμητεν
483 549 569 604 εἰπεῖν
592 551 782 616 ἀνακρεμάτατ
805 553 850 604 καί
874 552 975 616 μεταξὺ
999 552 1038 604 ὼε
1061 549 1099 603 εἰ(
1123 550 1202 602 ἀλλό-

183 641 275 705 φυλον
294 642 338 692 καὶ
357 640 519 693 ἀπεοικυῖαν
536 639 614 693 τάξιν
633 639 692 692 ἀλλ’
706 641 750 692 ἐπ’
764 641 856 693 ἄλλοι(
871 641 915 693 διὰ
933 641 1015 705 μέεου
1035 642 1080 692 καί
1099 640 1201 693 ἔξωθέν

157 731 271 781 οποθεν
298 729 483 781 ἐπεισκυκλῶν
511 728 549 782 εἰε
577 730 669 795 φόβον
696 731 824 795 ἐμβαλὼν
848 730 899 782 τὸν
924 729 1066 795 ἀκροατὴν
1092 731 1131 781 ὼε
1156 729 1201 781 ἐπὶ

181 819 310 870 παντελεῖ
327 822 378 870 τοῦ
398 818 484 881 λόγου
503 819 650 872 διαπτώεει
665 821 710 870 καί
724 820 1003 872 ευναποκινδυνεύειν
1017 818 1066 871 ὑπ’
1079 817 1200 881 ἀγωνία(

181 911 222 973 τῷ
242 907 350 969 λέγοντι
370 907 587 972 τυναναγκάεαε,
610 908 671 960 εἶτα
689 907 856 973 παραλόγωε
875 907 921 960 διὰ
940 911 1046 972 μακροῦ
1064 907 1098 960 τὸ
1116 907 1201 960 πάλαι

182 995 354 1061 Ζητούμενον
372 995 509 1061 εὐκαίρωτ
527 996 571 1048 ἐπὶ
590 997 661 1049 τέλει
679 1012 734 1049 που
753 998 955 1062 προταποδούε,
975 997 1053 1063 αὐτῷ
1072 1001 1113 1063 τῷ
1130 997 1201 1049 κατὰ

180 1083 231 1136 τὰ(
250 1084 411 1150 ὑπερβάεειε
429 1085 579 1152 παραβόλῳ
596 1086 640 1137 καί
655 1085 824 1151 ἀκροτφαλεῖ
842 1087 913 1139 πολὺ
929 1087 1032 1150 μᾶλλον
1047 1085 1200 1150 ἐκπλήττει.

143 1183 169 1223 10
183 1173 272 1239 φειδὼ
292 1174 322 1226 δὲ
340 1177 400 1226 τῶν
418 1173 651 1238 παραδειγμάτων
670 1176 739 1228 ἐετω
760 1176 804 1227 διὰ
822 1174 855 1226 τὸ
874 1176 987 1239 πλῆθος.

91 1266 170 1312 XXIII
255 1262 292 1330 (1)
311 1259 350 1314 τοί
369 1281 404 1330 με
423 1260 486 1330 μὴν
504 1260 707 1315 ποίύπτωτα
730 1260 911 1332 λεγόμενα,
937 1261 1123 1330 ἀθροισμοί
1142 1261 1200 1314 καί

182 1351 368 1420 μεταβολαί
393 1350 450 1403 καί
476 1347 652 1419 κλίμακες,
677 1348 768 1404 ποίνυ
794 1348 1018 1420 ἀχωνιστιιιοί,
1044 1349 1081 1411 ὡς
1103 1345 1198 1414 οἶσθα,

182 1435 309 1510 κύσμοζυ
337 1458 371 1493 τε
399 1440 457 1493 καί
483 1438 611 1501 παντὸς
642 1438 753 1507 ύψους
784 1441 842 1493 καί
873 1438 1010 1501 πάθους
1042 1437 1198 1506 συνεργοί.

42 1501 171 1621 ἔΐᾶἒᾴξὲξ
183 1525 215 1582 τί
243 1526 279 1582 δέ
306 1527 342 1581 αί
371 1537 436 1584 τῶν
468 1529 624 1582 πτώσεων
657 1525 790 1598 χρόνων
822 1530 1011 1596 προσώπων
1043 1528 1200 1595 ἀριθμῶν

143 1625 271 1686 ιοχενῶν
296 1615 505 1682 έναίίοίξεις,
533 1626 602 1680 πῶς
626 1637 707 1672 ποτε
731 1614 1037 1671 καταποικίίίουσι
1060 1616 1118 1669 καί
1142 1615 1199 1668 έπ-

182 1703 353 1775 εχείρουσι
377 1705 417 1760 τὰ
440 1704 681 1774 έρμηνευτικά;
719 1710 755 1775 (2)
775 1707 847 1775 φημί
870 1705 901 1760 δέ
925 1714 989 1760 τῶν
1014 1703 1099 1759 κατὰ
1121 1705 1200 1766 τούς

218 1795 390 1865 ἀριθμούς
418 1796 452 1848 ού
479 1792 565 1864 μόνα
593 1805 699 1849 ταῦτα
727 1805 881 1865 κοσμεῖν,
909 1793 1018 1848 ὁπόσα
1045 1802 1117 1856 τοῖς
1143 1794 1199 1846 τύ-

217 1903 295 1948 ποις
319 1883 416 1939 ἑνικὰ
440 1883 521 1939 ὄντα
543 1892 581 1955 τῇ
607 1883 753 1954 ἀυνοίμει
774 1883 859 1939 κατὰ
876 1883 936 1952 τὴν
956 1884 1199 1952 ἀναθεώρησιν

217 1971 659 2042 πίηθυντιιιύιεύρίσκεται·
682 1971 838 2027 ‘affluet'
859 1970 942 2042 φησί

142 2073 168 2112 ιο
594 2109 595 2112 ,
864 2062 958 2125 (λαὸς
977 2059 1127 2128 ἀπείρων

288 2151 421 2208 θύννον
441 2147 490 2206 ἐπ’
512 2149 665 2218 ἠιόνεσσι
686 2151 900 2220 διιστάμενοι
919 2149 1136 2220 κείοίάησαν’,

88 2241 123 2288 47
135 2235 167 2289 V.
219 2235 279 2292 ἀλλ’
297 2238 390 2295 ἐκεῖνα
409 2243 512 2309 μᾶλλον
529 2239 749 2309 παρατηρήσεως
767 2241 841 2306 ἀξια,
861 2237 903 2294 ὅτι
923 2236 987 2294 ἔσθ’
1007 2235 1077 2292 ὅπου
1095 2241 1098 2307 Ι
1114 2255 1199 2305 προσ-

216 2326 313 2382 πίπτει
335 2328 370 2382 τὰ
393 2327 572 2397 πίηθυντιιιὰ
595 2328 903 2399 μεχαίορρημονέστερα
922 2328 972 2382 καί
990 2329 1066 2400 αύτῷ
1084 2327 1199 2391 δοξοκο-

217 2425 327 2471 ποῦντα
348 2421 387 2490 τῷ
409 2415 480 2489 ύχίῳ
503 2425 552 2470 τοῦ
576 2418 709 2487 ἀριθμοῦ.
749 2421 785 2487 (3)
803 2426 921 2472 τοιαῦτα
944 2416 1024 2484 παρὰ
1046 2421 1085 2489 τῷ
1104 2418 1199 2484 Σοφο-

143 2518 168 2558 25
218 2508 279 2559 κίεῐ
294 2504 329 2560 τὰ
349 2505 395 2560 ἐπί
412 2514 464 2559 τοῦ
485 2503 608 2560 Οἰδίπου
626 2507 705 2574 (Oed.
724 2507 757 2561 R.
776 2509 961 2574 1403-1408)

610 2589 743 2667 ὦιάνοι,
763 2595 855 2666 πάνυ,

290 2683 416 2751 ἐψεύσαθ’
437 2683 576 2754 ἡμᾶςκαὶ
594 2686 782 2752 φονεύσαντες
799 2684 886 2740 πάλιν

289 2773 382 2828 ἀνεῖτε
400 2773 486 2828 ταύτὸ
506 2772 613 2842 σπέρμα
632 2772 814 2838 κάπιδείξατε

288 2860 411 2929 πατέρας
429 2863 568 2930 ἀδελφούς
586 2867 693 2925 παῖδας
712 2858 774 2931 αἷμ’
791 2861 935 2932 ἐμφύλιον,

289 2949 403 3019 νύμφας
420 2959 558 3019 γυναῖκας
575 2949 696 3019 μητέρας
713 2969 743 3005 τε
761 2950 876 3023 χώπόσα

289 3035 407 3108 αἴσχιστ’
426 3038 456 3094 έν
474 3040 669 3106 ἀνθρώποισιν
690 3040 757 3110 ἔργα
776 3038 908 3111 χίχνεται.

218 3125 311 3182 πάντα
330 3126 383 3196 γὰρ
401 3136 490 3180 ταῦτα
510 3127 539 3182 ἓν
559 3127 648 3196 ὄνομα
669 3129 755 3195 ἐστιν,
782 3126 931 3197 Οίάίπους,
959 3129 1004 3184 έπί
1023 3129 1054 3184 δέ
1073 3127 1197 3196 θατέρου

216 3212 351 3285 Ἰοκοίστη,
371 3211 430 3268 ἀλλ’
449 3211 521 3284 ὅμως
539 3217 638 3288 χυθεὶς
656 3217 696 3278 είς
714 3216 749 3271 τὰ
768 3217 947 3286 πίηθυντικὰ
966 3216 980 3272 ὁ
996 3218 1119 3287 ἀριθμὸς
1133 3235 1198 3273 συν-

219 3303 359 3371 επίήθυσε
378 3303 427 3358 καί
445 3303 495 3368 τὰς
513 3303 640 3376 ἀτυχίας·
661 3305 710 3359 καί
729 3306 766 3368 ὡς
785 3306 878 3361 ἐκεῖνα
897 3304 1100 3362 πεπίεύνασται

256 3523 288 3570 10
308 3519 413 3586 φειάὼς
430 3517 509 3584 liber,
530 3519 617 3587 φειδὼ
637 3521 731 3573 edunt.
824 3526 856 3573 21
876 3519 986 3575 θύννον
1005 3519 1122 3585 Vahlen,
1148 3521 1198 3587 qui

182 3589 292 3644 θύννον
312 3587 359 3644 ἐπ’
381 3589 512 3660 coniungi
530 3593 621 3659 putat,
640 3592 757 3646 θύννων
775 3591 854 3644 liber.
940 3597 972 3645 31
992 3589 1099 3661 γίνεται
1118 3589 1196 3644 liber.
