2666 3910
483 1172 790 1289 Puoounuuu

200 1370 312 1440 Quibus
345 1372 441 1431 causis
473 1375 625 1448 permotus
653 1374 723 1448 sim,
755 1375 790 1432 ut
816 1377 885 1449 post
912 1372 1148 1447 Theophilum

131 1459 361 1519 Burckhardt
393 1461 553 1520 editionem
583 1461 705 1520 Caeciiii
734 1461 881 1521 Calactini
913 1463 1148 1540 fragmentorum

132 1549 228 1607 denuo
252 1551 443 1609 collectorum
463 1569 608 1626 pararem,
632 1551 728 1610 dicere
751 1553 803 1610 uix
821 1571 895 1628 opus
914 1555 966 1611 est.
1005 1549 1148 1610 Collectio

132 1638 220 1712 enim,
236 1659 311 1713 quae
324 1639 408 1698 illius
423 1641 500 1699 curis
515 1643 545 1698 et
559 1641 699 1715 auspiciis
714 1643 783 1700 ante
796 1641 996 1718 quadraginta
1006 1642 1149 1716 quattuor

131 1745 225 1786 annos
252 1729 284 1786 in
310 1729 407 1787 lucem
434 1729 559 1804 prodiit,
588 1737 654 1788 cum
682 1731 744 1790 fere
772 1749 821 1789 eas
849 1729 1056 1789 tantummodo
1079 1729 1147 1787 reli·

131 1817 226 1892 quies,
249 1836 326 1893 quae
349 1820 479 1877 auctoris
503 1821 622 1876 nomine
644 1821 710 1895 ipso
733 1820 886 1895 praeditae
910 1821 1065 1895 apparent,
1089 1818 1148 1876 col-

130 1906 246 1983 legerit,
264 1907 309 1965 ita
327 1910 362 1965 ut
379 1907 510 1982 plurima
529 1908 635 1982 desint,
659 1908 746 1968 hodie
764 1928 824 1968 non
842 1911 904 1966 iam
922 1907 1041 1966 sufficit.
1083 1908 1148 1985 Ego

130 2015 201 2054 uero
231 1996 264 2053 in
291 1999 377 2054 tanta
406 1998 487 2055 fama
515 2000 545 2055 et
572 1998 764 2072 auctoritate,
792 2017 883 2073 quam
912 1997 1056 2057 Caecilius
1084 1998 1148 2072 ipse

129 2086 209 2142 iuter
233 2085 364 2145 eruditos
387 2085 515 2160 obtinet,
543 2087 620 2144 hanc
646 2089 795 2145 rationem
818 2087 902 2163 sequi
925 2088 1050 2146 conatus
1074 2104 1147 2160 sum,

130 2177 166 2231 nt
185 2174 278 2232 etiam
297 2175 454 2248 eos-locos,
474 2177 527 2250 qui
545 2195 726 2251 quamquam
745 2177 923 2235 nominatim
941 2174 1070 2234 Caecilio
1088 2183 1148 2233 non

130 2263 332 2339 ascribuntur,
359 2267 461 2322 tamen
487 2265 555 2340 plus
582 2268 755 2324 autminus
779 2268 859 2324 certo
881 2265 993 2323 iudicio
1018 2263 1148 2323 Caecilio

128 2351 281 2410 tribuendi
304 2355 382 2427 sunt,
406 2354 576 2432 colligerem
599 2357 629 2413 et
651 2357 684 2412 in
706 2354 763 2413 hoc
786 2356 1022 2432 fragmentorum
1041 2371 1147 2428 corpus

128 2460 298 2517 recrperem.

196 2531 300 2606 Neque
318 2533 442 2608 ignarus
464 2551 530 2590 sum
548 2531 761 2592 difficillimum
779 2551 842 2592 esse
860 2533 930 2591 huic
946 2531 1046 2590 officio
1060 2532 1147 2590 satis-

129 2620 237 2694 facere,
255 2622 347 2679 immo
365 2620 398 2679 in
412 2622 548 2698 uestigiis
563 2620 741 2681 Caecilianis
761 2622 933 2700 detegendis
948 2639 1064 2680 summa
1080 2638 1148 2679 cum

128 2710 267 2768 cautione
290 2710 436 2788 agendum
460 2730 523 2770 esse
547 2713 577 2769 et
599 2730 740 2788 persaepe
763 2712 840 2770 hanc
861 2729 925 2770 rem
948 2710 1066 2770 soloin
1089 2709 1148 2768 col·

51 2793 55 2800 ’
126 2797 251 2876 ligantis
269 2799 381 2858 iudicio
400 2802 486 2858 uerti.
519 2801 629 2859 Tamen
649 2800 736 2858 illam
749 2819 852 2861 curam
867 2797 1037 2858 Caeciliana
1051 2799 1148 2858 denuo

125 2887 352 2966 redintegrandi
378 2889 411 2946 in
438 2908 485 2947 me
512 2891 618 2965 recepi.
664 2891 769 2966 Neque
793 2891 873 2948 enim
896 2887 1035 2949 subsidiis
1059 2888 1148 2946 desti-

125 2979 212 3035 tutus
245 2996 323 3051 sum,
351 2977 403 3036 sed
435 2981 610 3038 succurrunt
641 2979 716 3038 mihi
747 2979 906 3038 admodum
935 2978 1044 3050 multa,
1071 2997 1147 3053 quae

124 3067 287 3142 postremis
315 3067 401 3126 annia
429 3066 464 3126 de
490 3066 620 3126 Caecilio
647 3070 851 3147 peruestigata
878 3070 961 3142 sunt,
989 3066 1148 3126 admodum

124 3155 232 3225 multa,
258 3174 333 3230 qnae
357 3173 375 3213 a
398 3157 472 3215 uiris
496 3156 591 3216 doctis
614 3156 733 3216 indiciis
757 3161 787 3216 et
811 3159 994 3236 argumentis
1018 3155 1056 3214 ad
1076 3154 1147 3214 an-

124 3243 229 3303 cilinm
258 3247 411 3303 auctorem
438 3247 464 3304 si
491 3264 551 3306 non
579 3265 695 3322 semper
721 3266 776 3323 pro
805 3250 898 3320 certo,
929 3249 962 3304 at
988 3263 1056 3305 cum
1082 3245 1148 3303 ueri

125 3335 225 3409 specie
248 3333 345 3392 relata
368 3337 444 3394 sunt.
482 3335 523 3394 Et
544 3337 694 3412 imprimis
715 3336 792 3396 hanc
809 3337 907 3415 legem
924 3335 1001 3394 mihi
1018 3333 1148 3410 imposui

124 3428 156 3481 et
182 3423 216 3482 in
243 3422 301 3481 hac
327 3441 359 3481 re
387 3426 515 3482 maxime
544 3444 665 3500 operam
692 3425 774 3500 dedi,
807 3429 841 3483 ut
872 3442 1077 3500 quaecumque
1109 3423 1148 3482 ad

124 3510 251 3570 Caecilii
278 3511 433 3589 ingenium
459 3515 694 3590 cognoscendum
719 3516 852 3590 aliquam
874 3513 1039 3572 utilitatem
1061 3530 1146 3586 prae-

122 3601 193 3662 bere
217 3599 293 3660 uiris
312 3601 407 3662 doctis
425 3605 492 3662 uisa
510 3607 589 3680 sunt,
612 3622 817 3682 quaecumque
836 3602 873 3664 ab
891 3604 929 3662 iis
947 3603 1014 3661 iure
1031 3603 1062 3658 et
1079 3617 1147 3675 pro·
