2666 3910
194 157 214 218 2
301 160 322 208 I.
343 158 568 208 ΣΤΓΓΡΑΜΜΑ
587 158 674 207 ΠΕΡΙ
692 157 766 207 ΤΩΝ
785 157 897 207 ΔΟΤΛ.
918 155 1103 208 ΠΟΛΕΜΩΝ

194 321 277 382 ἄλλα
294 323 439 383 πλεῖστα.
478 318 560 402 [πῶς
584 314 620 382 δὲ
638 316 801 394 Ἰουδαῖος
821 327 918 384 τοῦτο
938 319 1110 402 θαυμάζω·
1129 317 1210 384 Ἰου-

194 427 287 501 δαῖος
310 426 414 507 σοφὸς
436 425 477 488 τὰ
495 422 692 509 Ἑλληνικά]

261 529 401 596 SVIDAS:
423 530 662 616 Ἑρμαγόρας
686 532 819 615 Τήμνου
838 541 896 614 τῆς
915 533 1084 614 Αἰολίδος,
1103 531 1120 596 ὁ
1141 531 1209 597 ἐπι-

193 639 328 722 κληθείς
352 640 502 723 Καρίων,
531 638 648 723 ῥήτωρ.
685 637 914 703 ..ἐπαίδευσε
942 639 980 703 δὲ
1009 634 1107 715 οὗτος
1129 639 1209 722 μετὰ

166 747 382 812 οΚεκιλίον
420 743 457 810 ἐν
488 743 592 834 Ῥύμῃ
630 743 682 808 ἐπὶ
717 747 885 829 Καίσαρος
920 745 1121 828 Αὐγούστου
1153 747 1208 810 καί

192 858 329 938 τελευτᾷ
350 855 463 937 πόρρω
486 860 545 934 τῆς
568 851 705 935 ἡλικίας.

260 956 401 1023 SVIDAS:
425 958 643 1042 Τιμαγένης
660 961 836 1039 βασιλικοῦ
856 957 1106 1040 ἀργυραμοιβοῦ
1124 960 1207 1042 υἱός,

193 1063 436 1147 Ἀλεξανδρεύς,
465 1065 588 1148 ῥήτωρ,
613 1065 656 1140 ὡς
680 1063 718 1128 δέ
739 1087 843 1146 τινες,
866 1065 1063 1147 Αἰγύπτιος·
1094 1065 1131 1141 ὃς
1153 1064 1207 1132 ἐπὶ

193 1174 372 1256 Πομπηίου
400 1181 460 1236 τοῦ
488 1171 632 1253 μεγάλου
666 1171 870 1254 αἰχμάλωτος
900 1170 1016 1255 ἀχθεὶς
1044 1171 1081 1237 ἐν
1103 1171 1207 1259 Ῥύμῃ

154 1301 178 1338 ιο
192 1280 256 1344 ὑπὸ
279 1287 339 1343 τοῦ
365 1280 525 1360 Γαβινίου
549 1286 584 1353 (ο.
604 1302 633 1341 u.
653 1301 676 1341 c.
697 1294 757 1355 700,
777 1305 800 1341 a.
819 1286 883 1342 Chr.
899 1287 943 1355 54)
968 1277 1119 1363 ἐξωνήθη
1141 1279 1207 1344 ὑπὸ

195 1386 351 1450 Φαύστου
373 1393 434 1449 τοῦ
453 1386 532 1448 νλοῦ
551 1384 699 1467 Σύλλου,
723 1383 777 1448 καὶ
797 1383 1034 1470 ε’σοφίστευσεν
1053 1384 1089 1450 ἐν
1103 1385 1206 1471 Ῥώμῃ

192 1491 248 1557 ἐπί
273 1515 307 1556 τε
335 1491 439 1556 αὐτοῦ
464 1494 643 1574 Πομπηίον
670 1489 725 1554 καὶ
752 1489 820 1572 μετ’
844 1493 960 1575 αὐτόν,
992 1491 1048 1557 ε’πί
1068 1516 1103 1556 τε
1127 1495 1208 1558 Καί-

192 1617 293 1680 σαρος
315 1607 375 1662 τοῦ
400 1598 600 1681 Αὐγούστου
624 1595 679 1662 καὶ
703 1597 875 1681 μετέπειτα
898 1600 963 1680 ἅμα
987 1603 1164 1687 Κεκιλίῳ.

690 2040 706 2105 Ι

191 2185 535 2260 ΣΤΓΓΡΑΜΜΑ
571 2187 708 2260 ΠΕΡΙ
745 2188 863 2260 ΤΩΝ
898 2186 1206 2262 ΔΟὙΛΙΚΩΝ
1329 2255 1331 2294 4

554 2327 844 2403 ΠΟΛΕΜΩΝ

261 2502 277 2567 l
306 2502 353 2589 (=
372 2505 410 2567 fr.
434 2505 450 2567 1
473 2502 561 2568 FHG
579 2511 625 2568 ΙΠ
644 2503 724 2591 330)
752 2503 969 2568 Ανειουιονε
989 2509 1032 2567 VI
1055 2528 1084 2588 p.
1105 2506 1206 2570 Ἠλίς

153 2633 177 2668 υ
192 2595 287 2676 οἷίτο(
311 2611 339 2674 6³
363 2611 402 2688 ἦν
427 2611 445 2674 6
469 2614 578 2690 καιρὸς
602 2611 658 2676 ὅτε
678 2614 729 2675 καὶ
749 2614 783 2676 ἐν
804 2613 927 2694 (ικελίᾳ
946 2613 964 2688 ἡ
985 2607 1121 2690 δευτέρα
1139 2617 1206 2676 τῶν

192 2720 319 2782 δούλων
339 2719 547 2782 ἐπαναετὰει(
566 2721 711 2795 ἐγένετο·
735 2722 854 2782 πολλοὶ
875 2721 911 2782 δὲ
931 2718 1024 2781 αὗται
1044 2720 1206 2796 ἐγένοντο,

192 2826 243 2888 καὶ
262 2824 435 2888 ἀπώλοντο
454 2825 587 2889 οἰκετῶν
607 2827 689 2904 ὑπὲρ
707 2826 765 2888 τὰ(
785 2826 900 2888 ἑκατὸν
921 2825 1074 2904 μυριάδα(
1099 2826 1205 2906 ((ύγ-

192 2953 340 3010 γραμμα
364 2934 400 2995 δὲ
424 2933 580 2996 ἐκδέδωκε
604 2934 689 3011 περὶ
713 2936 788 2995 τῶν
813 2935 1002 2996 δουλικῶν
1026 2934 1206 3010 πολέμων

194 3039 362 3102 Κεκίλιο(
386 3037 404 3100 6
429 3037 553 3116 ῥήτωρ
577 3039 596 3102 6
621 3039 695 3102 ἀπὸ
721 3040 841 3116 Καλή(
867 3037 1003 3118 ἀκτῆς).

191 3199 403 3206 ——.—-—-—-

264 3306 296 3353 18
315 3301 346 3355 δὲ
365 3300 473 3366 Kaibel,
492 3321 521 3355 τε
539 3300 619 3354 liber.
