2664 3906
271 233 331 282 XII.
351 231 505 282 ΕΚΛΟΙἮ
522 229 673 286 ΛΕΞΕΩΝ
691 231 787 281 ΚΑΤΑ
805 231 1005 282 ΣΤΟΙΧΕΙΟΝ
1073 228 1143 292 ’177

132 395 184 443 112
194 388 306 457 Thalh.)
322 390 474 455 *γυναικῶν
489 392 520 444 δὲ
533 394 645 444 πολλῶν
659 393 704 443 καὶ
718 391 829 457 ἀνδρῶν
839 392 911 455 ὁμοῦ
922 390 1148 457 κατακειμένων’.

130 482 176 532 καί
195 479 319 546 ’Όμηρος
338 480 382 532 ἐπί
399 481 497 533 τόπου.
534 480 698 546 Πάτροκλος
716 480 769 546 γάρ
788 480 861 543 λέγει
879 480 913 547 (Ψ
932 481 1047 547 83-84)

240 570 276 634 μή
297 569 349 634 ἐμά
369 574 424 621 ςων
443 569 583 622 ἀπάνευθε
601 569 745 635 τιθήμεναι
764 569 844 636 ὀςτέ’,
864 566 996 635 Ἀχιλλεθ,

239 656 298 710 ἀλλ’
317 659 396 723 ὀμοῦ,
416 659 454 710 ὡς
474 658 635 724 ἐτράφημεν
654 657 685 710 ἐν
703 658 856 725 ὑμετέροιςι
874 658 987 723 δόμοιςι.

203 788 314 845 Svms:
341 792 519 857 ὀξυθυμια·
547 793 597 845 ὀςα
621 790 800 858 καθαίροντες
822 792 873 844 τάς
897 791 984 846 οἰκίας
1008 792 1148 859 Ἀθηναῖοι
1175 806 1189 846 ο

130 881 242 946 νύκτωρ
270 881 334 933 ἔθος
362 882 436 946 εἶχον
465 881 495 934 ἐν
522 885 582 934 ταῖς
608 881 729 946 τριόδοις
755 881 867 946 τιθέναι,
895 884 985 934 ταυτα
1013 882 1148 946 ὀξυθύμια

130 969 251 1034 ἐλέγετο.

201 1100 266 1154 Lux.
287 1119 307 1154 s.
328 1118 422 1161 va.
437 1118 464 1168 p.
482 1105 542 1166 191,
557 1105 603 1154 271
629 1102 799 1168 ὀργεῶνές
818 1102 882 1156 είςιν
901 1101 928 1155 οἱ
946 1108 1148 1157 κοινωνοῦντες

129 1191 259 1256 άλλὴλοις
282 1195 356 1244 θεῶν
379 1193 397 1256 ἢ
421 1193 524 1258 ἡρώων
547 1192 578 1243 ἐν
601 1190 685 1257 ἱεροῖς
704 1194 748 1244 καί
767 1198 845 1261 κοινῇ
864 1195 1084 1258 θυηπολοδντες,
1108 1194 1148 1245 ὡς

128 1281 222 1347 Χάρης
244 1281 316 1344 λέγει
340 1281 370 1333 ἐν
392 1285 434 1348 τῷ
454 1281 527 1333 Κατὰ
546 1280 704 1334 Διονυςίου.
742 1284 786 1334 καί
804 1282 886 1335 πάλιν
908 1281 1046 1348 ὀργεῶνες
1064 1281 1145 1347 τίνες,
1161 1296 1187 1334 10

129 1369 161 1421 ἐν
181 1369 329 1438 Ἀπολογίᾳ
343 1369 450 1435 ὕβρεως
464 1369 550 1435 ςαφές
564 1375 643 1422 ποιά.
677 1369 755 1423 οὗτοί
770 1368 835 1423 είςιν
849 1370 875 1423 οἱ
888 1376 947 1423 τοῖς
961 1369 1016 1438 ἰδίᾳ
1030 1371 1147 1437 άφιδρυ-

129 1459 223 1523 μένοις
245 1462 319 1511 θεοῖς
342 1458 518 1525 ὀργιάζοντες
540 1460 585 1511 καὶ
609 1463 667 1511 τῶν
691 1457 774 1525 ίερῶν
795 1460 827 1512 δὲ
846 1459 985 1526 κρίνοντες
1004 1459 1147 1526 ὀργεῶνας

130 1547 249 1601 ἑαυτοὺς
268 1547 404 1613 ἀλλήλους
423 1547 548 1601 ἐκάλουν.

200 1679 265 1732 Lux.
286 1698 307 1733 s.
328 1696 422 1739 va.
442 1697 468 1747 p.
490 1684 550 1746 192,
565 1683 593 1732 5:
615 1682 696 1747 ὀραν
715 1681 884 1734 ἐπιθεῖναι
903 1680 1009 1750 χωρίῳ·
1027 1687 1079 1736 τοῦ
1099 1685 1146 1736 δα-

127 1770 290 1833 νειςαμένου
314 1769 348 1822 τό
372 1771 462 1834 ὄνομα
481 1768 622 1836 ἐγράφετο
642 1767 680 1822 εἰς
699 1769 794 1823 ςανίδα
813 1773 857 1823 καί
877 1771 1012 1836 ἐκρεμδτο
1031 1771 1075 1823 ἐπί
1093 1777 1144 1825 του
1160 1786 1186 1826 15

128 1860 226 1925 άγροθ.

200 1991 264 2044 Lxx.
280 2009 301 2044 s.
318 2008 416 2051 evm.-
426 2009 453 2059 p.
471 1996 574 2057 192,1;
595 1992 702 2045 οόςία·
723 1993 792 2044 ὅταν
812 1993 848 2058 μή
869 1992 973 2060 ςῲζωςί
991 2008 1063 2046 τινες
1077 1995 1144 2047 τοὺς

128 2082 252 2147 καρποὺς
271 2082 437 2147 ἀποδουναι,
458 2081 488 2133 ἐκ
506 2081 595 2148 πάςης
614 2082 718 2134 αὐτοὺς
735 2085 786 2147 τῆς
806 2081 899 2134 οὐςίας
917 2081 1108 2135 ἀπαιτοῦνται.

201 2213 299 2267 8111111
319 2213 364 2282 (ο1.
383 2213 436 2266 lex.
456 2211 483 2266 S.
503 2213 592 2281 quint.
612 2232 640 2283 p.
659 2219 721 2280 298,
739 2218 772 2267 10
791 2215 821 2266 et
838 2212 939 2267 Pollux
956 2216 1050 2282 Π11)ι
1069 2232 1144 2268 παι-

127 2304 259 2370 δάριον·
284 2304 317 2356 οὐ
343 2304 429 2368 μόνον
453 2304 498 2356 ἐπὶ
519 2308 578 2356 τῶν
602 2304 728 2370 άρρένων
752 2305 898 2370 κέχρηνται
921 2309 962 2371 τῷ
982 2304 1099 2369 ὀνόματι
1117 2304 1144 2357 οἱ
1159 2319 1184 2358 νο

128 2392 257 2460 ῥήτορες,
284 2392 353 2445 άλλά
379 2394 424 2444 καί
449 2392 494 2445 ἐπὶ
518 2393 673 2458 παρθένων.
712 2392 859 2458 Ὑπερίδης
882 2393 912 2444 ἐν
935 2397 976 2460 τῷ
999 2394 1077 2459 Πρός
1100 2394 1144 2447 Τι-

127 2482 252 2548 μάνδραν
272 2479 314 2549 (11.
332 2485 382 2533 164
396 2479 464 2549 Bl.³)
485 2481 739 2548 ἶκαταλειφθέντων
758 2482 811 2547 γὰρ
829 2483 949 2548 τούτων,
968 2483 1047 2534 δυοῖν
1066 2482 1144 2535 ἀδελ-

127 2576 195 2637 φοῑν
219 2572 263 2623 καί
286 2573 364 2624 δυοῖν
388 2570 535 2636 άδελφαῖν,
560 2571 695 2637 ὀρφανῶν
719 2573 763 2623 καί
786 2572 856 2636 πρὸς
879 2571 985 2636 πατρὸς
1008 2572 1143 2638 καὶπρὸς

128 2647 295 2726 μητρός“καί
312 2658 466 2725 παιδαρίων
486 2658 638 2726 [παίδων]’.

199 2790 310 2844 81111111
338 2792 494 2845 παλαιόν·
524 2791 550 2845 οἱ
575 2792 693 2858 ῥήτορες
717 2791 870 2858 έχρὴςαντυ
895 2797 937 2859 τῷ
963 2795 1072 2860 παλαιῷ
1098 2793 1142 2845 ἐπί
1156 2807 1183 2848 25

26 2911 30 2920 ‹
127 2881 260 2948 ἀργυρίου
292 2880 324 2933 ἐκ
356 2880 534 2946 δανείςματος
566 2880 759 2947 ὀφειλομένου.
797 2882 888 2935 οὕτως
916 2881 1015 2935 Λυςίας
1042 2882 1072 2935 ἐν
1100 2887 1141 2950 τῷ

126 2971 205 3037 Πρός
224 2969 357 3035 Ἀλκίβιον
377 2968 562 3038 (11.13Τα1.;
583 2974 598 3022 θ
616 2967 726 3038 Τδαίδ.)
748 2969 848 3024 *καίτοι
867 2969 890 3024 εί
909 2970 1083 3024 άπαδεδώκει
1099 2976 1141 3039 τῷ

126 3061 265 3125 Κτηςικλεῖ
283 3059 334 3112 τάς
353 3059 529 3126 πεντήκοντα
547 3059 674 3126 παλαιάς,
694 3060 784 3125 ὥςπερ
803 3060 887 3113 αῡτός
906 3059 994 3126 φηςι’.

198 3258 232 3307 10
250 3252 384 3323 Χάρης],
387 3253 422 3308 ο1.
441 3252 540 3307 Αεοοδ.
559 3261 582 3306 Π
602 3259 644 3306 11
662 3251 1142 3322 Ψαοαοοδ.12δὲιιρίνοντες

125 3326 205 3378 eslne
220 3326 399 3393 corruptum?
472 3329 513 3377 21.
529 3329 562 3376 22
580 3324 744 3393 Τιμάνδραν
759 3325 961 3392 Hemslerhuis,
978 3325 1141 3395 Τίμανδρον

125 3395 199 3450 h'bri.
272 3402 314 3449 22.
331 3400 364 3448 23
381 3394 677 3464 καταλειφθέντων..
698 3399 779 3450 δυοῖν
798 3397 912 3459 (δυοῖν
904 3413 961 3450 111111
976 3398 1051 3466 apud
1065 3396 1140 3450 Bek-

125 3465 234 3537 karum)
262 3467 412 3535 ἀδελφοῖν,
441 3467 575 3535 ὀρφανῶν
600 3467 693 3534 Βίααυ,
715 3467 1028 3558 καταλίαχθέντων..
1056 3471 1140 3523 δυαῑν

126 3539 273 3606 ἀδελφαίν,
293 3538 435 3607 ὀρφαναῖν
453 3537 528 3591 libri
617 3544 651 3591 24
669 3536 780 3592 παίδων
799 3538 853 3592 del.
874 3538 962 3594 Βίωνα.
1049 3545 1083 3592 25
1101 3544 1140 3614 τῷ

125 3605 246 3664 παλαιὸν
265 3608 396 3664 Gaisford
415 3627 449 3663 ox
467 3608 547 3663 Phot.
621 3614 655 3662 28
673 3610 724 3673 τὰς
742 3626 795 3663 om.
814 3609 881 3664 libri
899 3612 1012 3680 praeter
1029 3608 1058 3666 C

178 3707 273 3748 enacim
287 3709 435 3749 Oaluofinir
391 3711 549 3759 stragmenta
945 3705 977 3752 12
