2666 3912
457 206 503 256 ιν.
524 206 611 256 nm
630 205 832 256 ΣκΗκΑτιιιν
1110 202 1153 266 59

137 363 234 440 λογίαν
257 366 316 430 δρῶ
340 364 598 429 προτεινομένουε’·
628 365 684 417 ἀπὸ
708 365 761 430 γὰρ
784 369 835 430 τῆς
859 363 1011 430 αίτιατικήε
1034 365 1079 417 ἐπὶ
1101 366 1154 429 τήν

136 455 246 506 εὐθεῖαν
262 453 380 519 ἐτράπη·
401 454 495 506 καὶτὰ
511 453 645 520 Ὁμηρικὰ
665 454 696 520 (Α
714 455 759 521 1ο)
781 452 874 519 ’μῆνιν
894 455 975 520 ἄειδε,
996 453 1054 518 θεά,
1074 454 1154 505 ούλο·

137 542 235 607 μένην,
255 541 272 606 ἢ
294 541 398 608 μυρία’,
418 545 463 595 καί
482 542 563 595 πάλιν
583 543 611 608 (α
632 543 656 610 1)

243 632 331 696 ἀνδρα
350 648 395 696 μοι
415 633 520 697 ἔννεπε,
540 636 635 697 μούεα,
655 632 841 697 πολύτροπον,
862 631 892 683 ὃ(
911 632 983 696 μάλα
1002 630 1099 684 πολλά.

136 719 269 786 ἀριθμούς
288 721 319 772 δὲ
338 721 429 773 οὕτω(
449 721 637 787 ἀλλάεεουειν,
661 721 700 772 ωε
719 719 892 786 Θουκυδίδης
911 721 1005 788 (1153,
1026 721 1052 787 1)
1073 719 1154 788 “ῥᾷον
1182 733 1194 772 5

136 809 190 874 γὰρ
210 810 311 875 ἐτόλμα
330 826 371 862 τιε
390 809 408 862 ἃ
426 810 565 875 πρότερον
584 810 777 875 ἀπεκρύπτετο
797 811 834 874 μή
855 808 917 862 καθ’
930 810 1037 874 ἡδονὴν
1056 814 1153 873 ποιεῖν,

136 897 321 964 ἀντίετροφον
340 900 393 964 τὴν
412 900 568 963 μεταβολὴν
587 897 734 965 όρώντεε’·
754 901 799 951 καλ
819 897 965 951 “Φίλιπποε
982 897 1072 950 καὶτὸ
1087 900 1155 964 πλῆ-

138 990 186 1039 θοε
209 991 268 1040 τῶν
292 989 407 1040 ἔλαττον
431 985 538 1039 ἰδόντε(
560 989 613 1053 τὴν
636 988 744 1053 τροπὴν
767 991 825 1040 τῶν
850 987 958 1052 Λιβύων
982 985 1154 1053 ἐφείποντο’.

136 1076 246 1140 χρόνων
270 1077 300 1129 δὲ
324 1077 428 1142 ἀλλαγὴ
452 1080 555 1129 τούτου
577 1076 683 1139 γίνεται
705 1077 756 1129 τόν
778 1077 885 1142 τρόπον
905 1073 1019 1145 ([Dem.]
1039 1082 1091 1127 LIX
1110 1076 1154 1144 34)

137 1163 195 1236 τκαί
210 1166 252 1216 ότι
267 1165 356 1230 ἀληθῆ
370 1170 460 1218 ταῦτα
474 1167 598 1231 λέγομεν,
617 1167 684 1217 τού(
701 1166 827 1230 ὁρῶνται
841 1165 906 1228 ύμῖν
920 1165 1073 1230 παρέξομαι
1088 1163 1154 1230 μάρ-
1169 1178 1195 1216 ιο

136 1253 233 1319 τυροτ’
258 1255 319 1307 ἀντί
341 1259 392 1306 τού
411 1255 478 1307 τού(
497 1255 664 1321 ἑωρακότας.
702 1256 747 1306 καί
766 1251 836 1324 <αί>
856 1253 988 1319 ἐνέργειαι
1008 1254 1038 1306 δὲ
1058 1253 1155 1306 καὶτὰ

137 1342 212 1408 πάθη
233 1344 337 1409 [καὶτὰ
353 1343 473 1410 ῥήματα]
494 1343 659 1409 ἀλλάεεεται,
680 1345 725 1395 καί
740 1346 824 1395 τούτο
839 1343 910 1395 πολύ
926 1342 981 1395 ἐττι
995 1343 1070 1408 παρὰ
1085 1342 1155 1394 Θου-

139 1433 245 1500 κυδίδῃ,
270 1430 330 1484 οἷον
350 1433 370 1498 (Ι
390 1437 414 1497 2,
434 1433 460 1500 2)
481 1431 555 1485 (οὐδ’
573 1433 764 1497 ἐπιμιγνύντες
783 1429 921 1497 ἀλλήλοιε’
947 1431 1008 1484 ἀντὶ
1028 1435 1079 1484 τού
1099 1431 1155 1484 ἐπι·
1245 1430 1248 1438 ’

138 1521 306 1587 μιγνύμενοι,
336 1523 379 1574 καί
407 1521 488 1574 πάλιν
518 1522 538 1589 (1
559 1524 618 1587 120,
638 1521 664 1588 2)
694 1519 771 1574 ίτοὺε
798 1522 851 1586 τὴν
880 1521 1023 1584 μεεόγειαν
1051 1522 1155 1583 μᾶλλον

138 1609 363 1676 κατωκημὲνουε’
384 1611 445 1662 ἀντί
463 1615 514 1663 τού
535 1611 741 1678 κατῳκηκόταε.
1169 1621 1195 1660 15

208 1749 282 1804 huno
310 1753 463 1804 tractatum
491 1750 528 1804 ad
554 1749 707 1804 Caecilium
730 1749 837 1804 fontem
859 1751 1064 1803 reuocauerunt
1089 1747 1117 1802 C.
1137 1766 1155 1800 ιι

137 1837 289 1892 Μοιιιντοπι
303 1839 321 1893 l.
338 1857 358 1892 s.
373 1858 400 1909 p.
416 1847 471 1893 45⁸
486 1843 523 1909 (p.
535 1845 576 1904 52,
592 1858 619 1907 p.
632 1845 674 1905 56,
690 1840 753 1892 adn.
765 1843 818 1907 58),
837 1839 967 1892 Μιπτιικπ
982 1838 999 1890 l.
1016 1855 1036 1890 s.
1052 1855 1078 1906 p.
1092 1844 1154 1904 17ο,

137 1925 278 1982 Gonnum
292 1929 310 1981 l.
326 1947 346 1981 s.
362 1947 388 1999 p.
405 1935 468 1982 29ο.

208 2125 252 2190 76
272 2126 321 2213 (=
341 2128 384 2192 34
403 2127 455 2214 B.)
479 2127 643 2192 Τιυυκινο
668 2133 715 2192 ΙΙΙ
738 2152 767 2212 p.
793 2128 844 2212 81,
866 2128 908 2191 23
933 2126 999 2211 Sp.:
1023 2129 1074 2191 καὶ
1096 2128 1155 2204 τὴν

138 2237 345 2315 παρεμβολὴν
376 2237 491 2314 εἰεάγει
516 2238 687 2302 Κεκίλιοε
717 2241 819 2316 εχὴμα
848 2239 976 2310 λέξεωε,
1006 2235 1155 2313 κέχρηται

136 2343 175 2405 δὲ
193 2343 426 2422 παραδείγματι
449 2348 496 2425 τυ)
519 2344 608 2422 παρὰ
628 2344 806 2426 Θουκυδίδῃ
832 2351 911 2418 (126,
927 2351 954 2416 ο)
979 2342 1021 2405 ‘0‘1
1041 2344 1077 2405 δὲ
1097 2342 1154 2405 Κο-

138 2449 252 2525 ρίνθιοι
267 2451 556 2529 προεκαθεζόμενοι
572 2451 649 2531 (ἔετι
665 2452 701 2513 δὲ
718 2451 824 2528 ἰεθμόε
838 2450 876 2513 τό
892 2448 1026 2529 χωρίον)
1047 2449 1154 2512 ἐπολι-

139 2556 258 2632 όρκουν
287 2559 346 2634 τὴν
372 2557 489 2621 πόλιν’.
537 2558 588 2620 καὶ
612 2557 630 2621 δ
654 2557 830 2634 Ἡρόδοτοι
854 2564 922 2630 (16)
948 2555 1092 2634 ’Κροῖεοε
1114 2553 1154 2631 ἢν
1170 2573 1195 2612 ιο

137 2661 242 2727 Λυδόε
261 2665 318 2740 μὲν
338 2665 441 2740 γένοε,
461 2667 535 2728 παῖε
555 2666 591 2727 δὲ
612 2662 800 2738 Ἀλυάττεω,
820 2663 978 2742 τύραννοι
996 2663 1031 2725 δὲ
1052 2662 1155 2725 ἐθνῶν

138 2767 204 2832 τῶν
233 2770 325 2833 ἐντόε
353 2770 470 2835 Ἅλυοε
498 2774 659 2849 ποταμοῦ,
693 2771 728 2834 ὃ(
760 2769 844 2849 ῥέων
873 2768 937 2833 ἀπὸ
967 2767 1155 2847 μεεημβρίηε

139 2879 254 2954 μεταξύ
271 2878 381 2956 (ύρων
401 2879 451 2941 καὶ
466 2878 700 2956 Παφλαγόνων
718 2877 791 2943 ἐξίει
805 2877 886 2955 πρὸ(
903 2876 1020 2954 βορέην
1035 2874 1155 2951 ἄνεμον

139 2982 183 3046 εἰ(
211 2985 268 3048 τὸν
297 2984 445 3049 Εὔξεινον
472 2987 670 3061 καλεόμενον
691 2980 695 3068 Ι
717 2983 864 3049 πόντον’·
907 2983 1046 3046 ἐνταῦθα
1072 3002 1153 3059 παρ·
1169 2983 1261 3052 8281).

139 3091 327 3170 εμβέβληται
351 3092 391 3154 τὰ
414 3095 472 3155 τού
496 3094 652 3169 ποταμοῦ.
695 3093 746 3154 καὶ
769 3090 937 3169 Εύριπίδηε
961 3097 1004 3163 (fr.
1024 3102 1076 3150 228
1095 3083 1154 3160 Ν.)
1170 3105 1196 3145 ιι

247 3199 381 3262 Δαναὸε
405 3197 423 3262 δ
447 3199 649 3274 πεντήκοντα
672 3197 858 3275 Θυγατέρων
881 3197 986 3273 πατὴρ

248 3304 363 3368 Νείλου
387 3307 491 3368 λιπὼν
513 3304 681 3369 κάλλιετον
706 3304 852 3381 εὐκταίηε
875 3302 972 3380 ὕδωρ,

211 3520 243 3568 11
264 3514 293 3568 αἱ
309 3514 373 3568 add.
389 3514 619 3569 Radermacher..
667 3521 699 3567 12
719 3512 815 3568 καὶτὰ
831 3508 940 3580 ἆήματα
954 3510 1008 3564 del.
1024 3509 1154 3579 Spengel.

139 3590 172 3638 18
192 3584 219 3639 οἱ
238 3587 269 3640 δὲ
290 3618 321 3626 -
344 3590 376 3637 19
396 3586 463 3656 ἔστι]
484 3585 511 3639 οἱ
530 3584 580 3654 μὲν
600 3590 770 3653 Κερκυραῖοι
789 3584 845 3638 ἔστι
864 3583 989 3651 Thucyd.
