2666 3912
189 191 253 256 118
286 195 347 245 VH.
366 194 455 244 ΠΕΡΙ
472 194 547 245 ΤΟΤ
566 192 808 243 ΧΑΡΑΚΤΗΡΟΣ
826 191 901 242 ΤΩΝ
919 191 1014 242 ΔΕΚΑ
1031 190 1205 242 ΡΗΤΟΡΩΝ

184 355 238 406 καί
270 354 402 419 ἑτέραν,
437 354 498 406 ὅτε
535 352 583 406 είς
611 352 856 418 Ἑλλήςποντον
884 351 1126 419 Κηφιςόδωρος
1154 351 1205 405 ἐξ·

118 446 169 494 851
186 443 337 496 έπλευςε·
358 445 411 495 καί
430 443 563 508 ἑτέραν,
584 443 640 495 ότε
658 442 770 508 Χάρης
788 443 841 498 καί
859 440 1000 495 Φωκίων
1020 443 1206 507 ςτρατηγοί

185 532 444 598 ἐξεπέμφθηςαν
468 531 514 585 είς
535 532 722 586 Βυζάντιον
746 531 810 583 ύπὸ
834 534 893 584 τού
920 531 1041 596 δήμου·
1070 532 1124 582 καί
1149 532 1205 583 λυ,-

184 621 388 688 τρωςαμένῳ
413 622 561 674 πολλοὺς
587 625 655 674 τῶν
682 620 837 678 ἁλόντων
862 619 898 672 έν
921 619 1039 687 Πύδνῃ
1064 621 1118 672 καί
1141 619 1205 672 Mer

158 711 275 778 οθώνη
295 712 348 762 καί
367 709 515 778 Ὀλύνθῳ
535 709 599 762 ύπό
619 708 803 762 Φιλίππου·
826 711 879 761 καί
898 707 1063 774 χορηγίαν
1083 707 1205 773 ἀνδρά-

185 815 234 851 ςιν
262 799 432 864 ἐπιδόντι,
465 800 516 851 δτι
545 797 757 851 ἐκλιπόντων
783 802 851 850 τῶν
878 798 1117 850 Πανδιονιδῶν
1144 800 1204 849 τού

185 893 345 955 χορηγεῖν
377 888 530 941 ἐπέδωκε
559 888 613 940 καὶ
641 889 831 940 καθώπλιςε
857 885 940 940 τούς
968 885 1110 939 πολίτας
1136 890 1205 938 των

185 976 426 1029 ἐλλειπόντων·
456 977 510 1029 καὶ
533 975 581 1028 είς
604 977 666 1041 τὴν
688 974 901 1041 τειχοποιίαν
925 974 1076 1028 ἀνάλωςε
1094 991 1206 1041 χειρο-

184 1067 343 1131 τονηθείς
370 1065 437 1118 ύπὸ
465 1069 525 1117 τοῠ
554 1064 677 1131 δήμου,
707 1065 887 1117 ἐπιδόντος
913 1065 1018 1117 αύτοῠ
1046 1065 1122 1131 τρία
1149 1065 1205 1117 τά·

145 1158 289 1208 ιολαντα
313 1156 366 1207 καί
390 1153 428 1207 ἃς
452 1154 603 1207 ἐπέδωκε
627 1155 687 1207 δύο
710 1154 866 1220 τάφρους
888 1156 964 1220 περί
982 1154 1042 1207 τόν
1060 1154 1206 1219 Πειραιᾶ

184 1245 388 1310 ταφρεύςας·
409 1245 462 1296 κοί
482 1243 565 1308 μετὰ
582 1245 644 1309 τὴν
663 1243 699 1295 ἐν
717 1241 906 1310 Χαιρωνείᾳ
925 1243 1035 1309 μάχην
1054 1241 1205 1296 ἐπέδωκε

145 1330 365 1398 ύτάλαντον,
392 1334 446 1384 καί
470 1331 517 1385 είς
540 1333 602 1397 τὴν
626 1331 786 1385 ςιτωνίαν
810 1332 983 1387 ἐπέδωκεν
1006 1332 1041 1385 έν
1059 1337 1098 1400 τῇ
1119 1339 1206 1384 ςιτο-

184 1421 257 1489 δείᾳ
275 1421 457 1474 τάλαντον·
486 1423 539 1474 καὶ
563 1423 615 1474 δτι
639 1421 686 1474 είς
710 1419 900 1487 ςυμμαχίαν
923 1425 968 1487 τῳ
993 1420 1086 1488 δήμῳ
1105 1435 1205 1486 προς-

184 1509 332 1576 ηγάγετο
356 1510 473 1563 πείςας
497 1513 552 1563 καί
576 1511 759 1577 εὐεργέτῃ(
782 1509 968 1576 γενόμενος
989 1512 1043 1562 καί
1062 1510 1205 1574 ςύμβου-

145 1601 252 1664 ιολος,
279 1598 324 1651 δι’
343 1600 388 1652 ὡν
414 1601 526 1652 ἔπειςε
551 1599 721 1666 Θηβαίους
747 1599 886 1664 Εὐβοεῖς
912 1598 1114 1664 Κορινθίους
1140 1599 1205 1651 Με·

184 1693 299 1754 γαρεῖς
324 1686 477 1754 Ἀχαιούς
501 1689 653 1755 Λοκρούς
673 1688 882 1742 Βυζαντίους
900 1686 1127 1754 Μεςςηνίους,Ι
1149 1689 1205 1739 καί

184 1777 345 1842 δυνάμεις
365 1776 401 1830 ἃς
420 1778 648 1844 ςυνεςτήςατο
666 1783 712 1844 τῷ
732 1777 826 1845 δήμῳ
846 1779 899 1829 καί
917 1782 989 1829 τοῖς
1004 1777 1204 1844 ςυμμάχοις,

183 1867 308 1920 πεζούς
332 1867 390 1932 μέν
411 1866 563 1933 μυρίους,
592 1866 713 1919 ίππέας
737 1866 772 1918 δέ
798 1865 939 1932 χιλίους,
969 1868 1021 1918 καί
1047 1867 1204 1919 ςύνταξιν

184 1955 366 2021 χρημάτων
385 1955 425 2020 ἣν
445 1956 556 2009 ἔπειςε
574 1956 781 2022 πρεςβεύςας
799 1955 935 2007 διδόναι
952 1956 1033 2007 τούς
1053 1956 1112 2019 μέν
1126 1971 1205 2020 ςυμ-

144 2058 170 2097 20
185 2042 313 2109 μάχους
332 2042 379 2096 εἰς
397 2044 457 2096 τὸν
475 2045 625 2108 πόλεμον
644 2043 748 2097 πλείω
764 2042 998 2097 πεντακοςίων
1012 2037 1202 2096 ταλάντων·

184 2134 238 2184 καί
256 2134 300 2185 ὼς
319 2132 466 2186 έκώλυςε
479 2131 783 2198 Πελοποννηςίους
802 2132 855 2185 ἐπὶ
870 2132 982 2198 Θήβας
997 2131 1203 2199 Ἀλεξάνδρῳ

156 2224 363 2288 οβοηθῆςαι,
395 2221 549 2287 χρήματα
578 2222 658 2274 δούς
686 2224 740 2274 καί
768 2221 871 2275 αύτὸς
897 2223 1115 2288 πρεςβεύςας’
1149 2222 1204 2273 καί

185 2311 295 2362 ἄλλων
313 2312 448 2362 πολλῶν
468 2312 521 2362 καί
540 2312 651 2363 καλῶν
668 2315 714 2378 τῳ
734 2309 828 2378 δήμῳ
848 2311 1024 2378 ςυμβούλῳ
1043 2311 1204 2374 γεγονότι

185 2400 237 2451 καί
260 2400 539 2467 πεπολιτευμένῳ
563 2403 631 2452 τῶν
655 2398 730 2452 καθ’
749 2399 873 2452 ἑαυτόν
896 2400 980 2465 πρὸς
1003 2398 1203 2465 ἐλευθερίαν

145 2490 239 2541 25καί
265 2488 498 2554 δημοκρατίαν
524 2489 654 2555 ἄριςτα·
684 2487 832 2555 φυγόντι
858 2487 964 2540 δέδι’
989 2485 1202 2554 ὀλιγαρχίαν,

185 2578 436 2630 καταλυθέντος
454 2582 514 2630 τού
535 2578 656 2644 δήμου,
681 2580 734 2630 καί
753 2577 1023 2643 τελευτήςαντος
1043 2578 1148 2629 αύτοθ
1168 2577 1203 2628 έν

185 2665 354 2733 Καλαυρίᾳ
378 2667 431 2719 διὰ
454 2667 515 2731 τὴν
538 2667 621 2733 πρὸς
644 2668 704 2720 τόν
727 2668 836 2732 δῆμον
855 2667 1006 2732 εὔνοιαν,
1030 2667 1203 2732 πεμφθέν-

184 2770 252 2806 των
278 2761 495 2820 ςτρατιωτιῖιν
519 2755 572 2808 ἐπ’
595 2757 700 2809 αύτόν
723 2755 788 2808 ύπό
813 2754 1048 2822 Ἀντιπάτρου,
1075 2754 1204 2821 διαμεί-

184 2859 280 2896 ναντι
300 2842 334 2895 ἐν
353 2849 392 2911 τῇ
411 2846 494 2911 πρὸς
511 2845 549 2898 τό
568 2848 697 2911 πλῆθος
716 2842 833 2913 εύνοίᾳ
853 2846 906 2896 καί
925 2843 1125 2911 οἰκειότητι,
1150 2845 1203 2897 καί

145 2945 171 2986 ιο
187 2933 265 2984 οὔτε
288 2932 473 3001 ὑποχειρίῳ
497 2935 671 3002 γενομένῳ
694 2939 766 2986 τοῖς
790 2932 926 2999 ἐχθροῖς
949 2934 1029 2986 οὔτε
1053 2929 1126 3003 (τι>
1148 2933 1204 2985 ἀν-

186 3021 280 3074 άξιον
299 3022 334 3074 έν
352 3027 398 3090 τῷ
418 3024 565 3091 κινδύνῳ
584 3024 749 3090 πράξαντι
765 3027 825 3075 τού
840 3021 980 3088 δήμου“.

153 3108 171 3160 d
259 3106 296 3179 θ’.
314 3111 466 3177 ,Ἄρχων
479 3112 691 3178 Πυθάρατος.
711 3111 822 3177 Λάχης
836 3112 1065 3178 Δημοχάρους
1079 3112 1204 3172 Λευκο-

185 3201 284 3253 νοεύς
302 3198 389 3253 αἰτεῖ
406 3201 537 3267 δωρεάν
551 3203 613 3267 τὴν
629 3202 756 3267 βουλὴν
772 3202 825 3252 καί
838 3200 898 3254 τόν
914 3201 1021 3267 δῆμον
1035 3201 1095 3253 τὸν
1110 3199 1203 3272 Ἀθη,-

259 3435 291 3484 13
311 3429 354 3486 ὅτι
371 3431 576 3498 Ποιίατωιιιυι,
596 3429 641 3485 ὅτε
659 3431 733 3484 libri.
768 3413 769 3417 Ἰ
844 3435 877 3484 30
896 3449 922 3484 τι
945 3430 1009 3484 add.
1029 3429 1202 3485 Meziriacus.

185 3507 282 3627 ἷῖἁῖἷ
292 3503 483 3627 izmoaiffiget
495 3521 523 3571 p.
540 3507 600 3568 119,
616 3508 630 3555 1
645 3505 774 3557 ίιυιιονεί
785 3499 860 3556 libri.
918 3506 955 3609 ¹33
969 3498 1019 3556 τόν
1033 3504 1098 3570 post
1112 3505 1203 3570 δῆμον

1321 2827 1322 2860 ί

1312 2893 1322 2922 '
