2666 3910
427 223 476 272 111.
496 223 622 272 TEXNH
639 222 825 272 PHTOPIKH
1092 219 1132 282 17

115 385 160 435 καί
180 385 309 448 φθαρῶν,
333 380 394 434 οἷον
418 381 442 433 εί
464 381 571 444 ἀγαθόν
594 383 650 434 καὶ·
663 382 748 434 καλὸν
766 383 784 446 ἡ
805 380 1012 447 φιλανθρωπία,
1037 383 1081 433 καί
1100 381 1133 432 τὸ

115 472 147 524 ἐκ
165 471 270 536 ταύτη(
288 471 449 535 γενόμενον.
486 471 611 535 πέμπτα(
630 470 660 522 ἐκ
683 474 734 522 ταθ
760 473 863 535 μᾶλλον
887 473 932 523 καλ
950 470 1049 536 ἦττον
1073 469 1134 522 αίον

115 559 139 612 εἰ
157 560 212 625 γάρ
231 559 292 611 υἱόν
311 561 471 612 ἀπέκτεινεν
489 558 573 625 ίδιον,
593 563 654 612 πῶ(
673 559 819 625 ἀλλοτρίου
839 559 969 625 φείεεται.
1005 559 1085 611 ἕκτο(
1104 559 1135 611 ἐκ

114 653 167 715 τῆ(
191 647 401 714 ἀκολουθήεεω(
425 648 496 700 κατά
518 648 552 700 τό
577 651 692 713 μᾶλλον
720 647 781 700 οἷον
805 647 828 701 εἰ
852 649 958 711 ἀγαθόν
976 649 1010 701 τό
1027 652 1133 714 ποθεῖν,
1189 720 1191 722 ρ

115 737 142 790 αί
161 739 196 791 τά
216 738 329 802 μάλιετα
347 740 501 790 ποθούντε(
520 737 616 802 ἄματα
635 738 669 789 ἂν
688 738 773 791 ἔζων·
794 737 862 790 ἀλλά
881 739 935 802 μὴν
955 738 1066 803 δρῶμεν
1085 737 1160 789 αύ-5

113 828 182 879 τού(
205 826 335 879 πολλάκι(
358 826 563 879 διαπταίονταε.
602 827 719 891 ἕβδομα(
738 826 768 878 ἐκ
785 829 844 878 τῶν
863 826 999 891 ἠρμένων
1011 825 1082 891 πρὸ(
1100 826 1133 878 τό

114 915 312 981 ὑποκείμενον·
340 913 401 967 οἷον
420 917 461 968 δεῖ
479 915 530 967 τόν
550 914 662 980 μείζονα
681 916 826 980 ὑπερέχειν
845 914 907 967 κατ’
926 915 1040 980 ἀρετήν,
1061 913 1084 967 εἰ
1104 915 1134 968 δέ

114 1004 166 1071 μή,
191 1007 300 1068 γελοῖον
325 1005 359 1056 ἂν
383 1003 438 1069 είη,
463 1002 486 1055 εί
505 1004 521 1055 ό
540 1003 641 1069 χείρων
660 1002 803 1069 ἀνακρίνοι
821 1004 872 1055 τὸν
891 1003 998 1069 βελτίω.
1034 1005 1135 1067 ύγδαο(

114 1095 146 1146 ἐκ
174 1098 225 1145 τού
254 1093 406 1156 ἀναλόγου·
436 1091 497 1144 οἷον
526 1093 618 1158 ῶιπερ
643 1108 684 1145 τι(
709 1093 777 1145 τού(
803 1093 991 1158 μιεθοφόραυ(
1016 1097 1135 1145 ποιεῖται

113 1181 230 1236 πολίτα(
253 1181 288 1235 δι’
307 1181 465 1246 ἐπιείκειαν,
490 1181 566 1233 ούτω
591 1183 635 1234 καί
655 1181 784 1247 φυγάδα(
802 1181 920 1234 ποιεῖταί
938 1197 979 1234 τι(
1001 1179 1003 1251 ί
1026 1181 1055 1232 ἐν
1073 1178 1232 1234 ταῖεόύόλλ

115 1271 294 1338 μι(θοφόραι(
319 1270 352 1322 τὸ
379 1270 484 1336 ἀνῆκον
511 1271 734 1335 διαταττόμεναε.
771 1272 887 1323 ἔννατα(
913 1270 944 1322 ἐκ
968 1274 1019 1322 τού
1045 1286 1133 1336 παρα·
1149 1285 1173 1320 ιι

114 1360 275 1425 δείγματα(
301 1360 408 1412 ἄτοπον
431 1359 484 1425 γάρ
508 1358 531 1411 εί
555 1359 726 1425 κυβερνήτα(
750 1361 799 1424 μέν
822 1375 864 1412 τι(
888 1361 924 1424 μὴ
950 1359 1043 1427 κλήρῳ
1066 1375 1132 1425 προ-

115 1449 255 1515 βάλλεται,
282 1449 453 1513 (τρατηγούε
477 1449 506 1499 δὲ
526 1448 619 1516 κλήρῳ
638 1448 830 1513 προβάλλεται.
869 1450 984 1502 δέκατο(
1004 1449 1019 1500 ό
1040 1449 1067 1502 ἐξ
1087 1449 1133 1501 ἐπ-

114 1541 242 1603 αγωγῆε·
258 1535 318 1589 οἷον
330 1536 480 1589 Ἀλυάττου
496 1539 540 1589 καί
551 1537 720 1602 Κανδαύλαυ,
736 1538 816 1590 ἔτιδὲ
828 1539 915 1601 Γύγου
926 1540 970 1589 καί
983 1537 1132 1589 Ἀλυάττου

113 1626 255 1691 πολεμίων
275 1627 339 1692 ἡμῖν
360 1627 552 1691 φωραθέντων
572 1625 626 1692 ἀεί,
650 1625 691 1678 τί(
711 1627 744 1678 ἂν
764 1627 928 1679 πιετεύιειεν
948 1627 1048 1678 εὔνουν
1067 1628 1133 1692 ἡμῖν
1149 1638 1173 1676 15

114 1715 280 1769 καθε(τάναι
295 1715 416 1780 Κραῖεον.
450 1715 595 1768 ένδέκατα(
615 1715 630 1767 ό
651 1715 681 1766 ἐκ
699 1718 749 1780 τῆ(
769 1716 937 1780 διαιρέιεωε·
958 1713 1019 1767 οἷον
1038 1713 1061 1766 εί
1075 1719 1133 1767 τῶν

115 1806 235 1871 φαύλων
258 1805 311 1868 τὴν
331 1803 444 1866 ἀλογίαν
463 1805 597 1870 ἡγητέον,
622 1809 682 1856 πῶ(
702 1805 754 1856 αύκ
773 1804 918 1856 ἐπαινετέα
937 1809 995 1856 τῶν
1014 1807 1133 1867 λογικῶν

114 1896 132 1959 ἡ
149 1893 318 1946 κατάεταειε.
346 1894 503 1945 δωδέκατο(
518 1894 533 1944 ὁ
549 1893 579 1944 ἐκ
592 1896 644 1958 τῆ(
658 1892 782 1958 κρίεεωτ·
799 1894 921 1958 ὁρῶντε(
934 1893 987 1958 γάρ
998 1892 1133 1945 Φίλιππον

115 1985 162 2036 καλ
180 1982 215 2034 τὰ
233 1985 284 2033 τού
304 1980 441 2034 Φιλίππου
462 1982 531 2033 κατὰ
550 1985 608 2034 τῶν
629 1981 784 2047 Ἀθηναίων
809 1981 994 2047 μηχανήματα
1014 1983 1132 2047 δυεμενή

115 2074 161 2124 καί
180 2071 318 2123 κακόνουν
337 2069 450 2122 πάντω(
469 2071 555 2122 αύτόν
569 2075 604 2138 τῇ
619 2071 697 2123 πόλει
712 2071 883 2135 λογιιόμεθα.
912 2072 1134 2136 τριικαιδέκατο(
1149 2083 1174 2120 ιο

114 2163 131 2214 ό
156 2160 187 2212 έκ
208 2163 267 2211 τῶν
292 2163 408 2224 καιρῶν·
435 2157 496 2211 οἷον
520 2158 543 2211 εἰ
565 2165 624 2212 ταί(
647 2160 789 2224 μέλλαυιιν
815 2160 928 2225 ἄκαιρα(
953 2161 971 2224 ἠ
999 2159 1060 2225 νίκη
1090 2162 1134 2211 καί

114 2254 173 2301 τοῑ(
197 2249 252 2313 ἤδη
275 2247 436 2313 νενικηκότι.
473 2249 763 2313 τεεταρεεκαιδέκατα(
789 2249 820 2300 ἐκ
846 2248 1043 2314 μεταλήψεωε·
1073 2247 1133 2300 αλαν

115 2339 150 2390 ού
183 2338 216 2389 τὸ
248 2340 392 2402 πειεθῆναι
420 2337 511 2388 δεινὸν
545 2337 581 2402 ῆν
613 2342 654 2404 τῶ
680 2337 864 2405 Ἀντιπάτρῳ,
900 2337 959 2390 ἀλλ’
984 2338 1028 2390 ότι
1052 2354 1134 2403 προ(-

115 2427 254 2492 δεχόμεθα
274 2425 409 2479 δουλείαν.
444 2427 691 2479 πεντεκαιδέκατο(
710 2427 740 2478 ἐκ
758 2431 816 2478 τῶν
836 2427 982 2491 ἑπομένων
1001 2429 1047 2478 καί
1066 2427 1134 2479 ἀπα-

115 2516 283 2582 βαινόντων·
304 2515 349 2566 καί
368 2515 384 2566 ό
404 2514 459 2566 έετι
478 2515 523 2567 διά
541 2519 599 2566 τῶν
618 2516 797 2580 πρεπόντων·
818 2513 878 2567 αλαν
898 2516 931 2567 αύ
952 2516 992 2566 δεῖ
1006 2514 1133 2567 παιδείαν
1149 2527 1173 2565 ια

115 2608 216 2669 ἀεκῶν,
236 2604 331 2656 ἕπεται
349 2604 402 2668 γάρ
417 2604 531 2668 φθόνοι.
565 2604 759 2657 ἑκκαιδέκατα(
774 2605 801 2657 ἐξ
819 2604 944 2669 όριεμαῦ·
966 2602 1026 2655 οἷον
1041 2604 1134 2668 κύρια(

115 2694 255 2761 φρόνιμα(
272 2697 331 2744 τῶν
344 2691 418 2744 πάνυ
434 2692 555 2757 ἀγαθῶν,
574 2693 647 2744 καλό
663 2693 789 2758 ἀνδρεῖα(
803 2693 876 2745 πάνυ
890 2697 949 2744 τῶν
965 2691 1132 2755 ἀναγκαίων.

114 2781 348 2836 ἑπτακαιδέκατο(
370 2781 400 2838 ,ἐξ
424 2781 592 2833 ύποθέεεωε·
618 2779 678 2833 οἷον
704 2780 727 2833 εἰ
746 2781 873 2849 Φιλίππῳ
892 2781 1067 2833 πιετεύοντε(
1083 2785 1133 2846 τῆ(

113 2868 293 2938 τριηραρχία(
313 2869 468 2935 ἀμελήεετε,
488 2871 571 2922 οὐδέν
590 2870 690 2922 κωλύει
709 2872 754 2922 καί
772 2874 831 2922 τῶν
850 2870 993 2935 φιλτάτων
1013 2866 1228 2938 ἀξθρόωειθθλλ)

114 2961 289 3025 (τερηθῆναι.
324 2957 561 3012 ύκτωκαιδέκατο(
581 2960 611 3011 ἐκ
629 2963 687 3012 τῶν
702 2960 939 3025 ἁμαρτανομένων
954 2961 1001 3010 καλ
1016 2974 1133 3024 κατηγο·
1148 2971 1173 3008 ιο

114 3085 330 3095 ‘—

189 3177 204 3224 8
224 3167 373 3237 ἀνακρίνοι
391 3170 440 3224 τὸν
460 3188 527 3224 corr.
544 3171 633 3236 Walz,
652 3169 799 3240 ἀνακρίνει
817 3171 838 3222 Ρ
857 3175 925 3224 2918
945 3169 1043 3236 Aldus,
1063 3170 1133 3223 αἰνα-

114 3241 240 3311 κρίνοιτα
251 3241 383 3294 VenetuS.
458 3248 498 3295 12.
514 3248 544 3296 13
560 3242 745 3312 προβάλλεται
759 3259 812 3296 οιιι.
823 3242 845 3294 Ρ
856 3247 934 3308 2918,
949 3240 1133 3311 προβάλλεται

114 3313 207 3382 κλήρῳ
216 3311 350 3365 Venetus,
420 3319 452 3366 21
469 3313 572 3382 ἄκυρος
586 3314 692 3379 P2918,
705 3320 773 3367 2977
784 3313 814 3366 Μ
823 3313 920 3377 Aldus,
936 3313 1054 3378 ἄκαιρος
1065 3311 1131 3364 Ven.

114 3392 149 3440 ‘26
177 3381 238 3438 αλαν
254 3415 287 3422 -
303 3389 336 3436 27
352 3382 515 3451 ἀναγκαίων
525 3385 603 3448 λιιι,
621 3383 681 3439 αλαν
697 3384 739 3439 ὅτι
754 3386 778 3439 εἰ
794 3384 959 3452 σωφροσύνη
975 3380 1133 3450 (αωφρόναυ

113 3457 154 3521 Μ)
179 3454 295 3509 πάντων
318 3453 431 3523 ἀγαθὸν
455 3454 469 3508 ὁ
494 3457 541 3510 καλ
561 3456 690 3523 ἀνδρεῖος
708 3455 821 3517 πάντως
839 3458 997 3524 ἀναγκαῖον
1016 3453 1037 3506 Ρ
1055 3458 1133 3518 2918,

115 3532 186 3582 2977
207 3525 237 3580 M
255 3524 352 3578 Aldus.
425 3532 458 3578 29
477 3525 658 3598 τριηραρχίας
676 3527 698 3579 Ρ
718 3532 785 3580 2977
806 3526 888 3594 Ven.‚
907 3522 1094 3594 πατριαρχίας
1111 3525 1133 3576 Ρ

115 3603 187 3654 2918
208 3596 305 3661 Aldus,
324 3603 373 3664 τῆς
392 3614 472 3664 πατρ,
492 3598 527 3651 Μ.

171 3696 267 3737 Caecilii
282 3696 395 3736 θιλαοιίιιί
409 3697 544 3746 fragmenta.
957 3693 972 3738 2
