2664 3906
185 214 248 277 198
380 217 452 267 XIV.
472 217 692 268 FRAGMENTA
710 218 890 268 INCERTAE
910 219 1012 268 SEDIS

183 378 292 437 καλῶς
314 372 477 444 κειμένην
499 375 559 443 τὴν
583 373 683 439 λέξιν.
721 372 782 428 ἀλλ’
804 375 867 430 οίίτε
892 376 922 430 έν
941 375 1085 449 <πρώτφ>
1104 395 1204 444 προοι·

219 461 272 535 μίμ
292 461 380 530 έστίν,
400 460 461 517 ἀλλ’
480 464 510 518 έν
528 462 697 527 τελευταίοις
714 471 764 518 τοῦ
784 462 930 532 δευτέρου,
949 465 1012 519 οὔτε
1031 465 1202 528 ἀπεξενο-

218 551 301 622 μένη
329 552 387 606 καί
413 550 612 620 ἀπόκροτος,
641 553 682 616 ὡς
707 551 873 624 Αἰσχίνης
901 552 1067 625 ἐχρήσατο
1096 553 1131 607 έν
1158 557 1201 624 τῷ

219 639 389 714 προοιμίῳ
409 645 493 711 (1111)
510 641 753 710 (παρασκευὴν
774 643 878 696 εἰπὼν
897 645 954 697 καί
974 641 1201 711 τπαροίταξιν’,

156 743 169 782 σ
220 729 289 783 ἀλλά
312 730 450 802 προσεχὴς
472 731 521 784 καί
545 733 648 800 μᾶλλον
671 728 854 800 ἁρμόττουσα.
893 731 918 786 εί
942 730 996 800 γὰρ
1022 730 1058 799 δὴ
1082 726 1161 800 οἶμος
1183 729 1201 800 ἡ

218 817 285 880 ὁδός
303 821 374 887 ἐστι,
392 820 441 873 καί
459 821 490 873 τὸ
509 818 660 889 προοίμιον
679 821 716 882 ὡς
734 819 801 882 ὁδὸς
818 829 869 874 τοῦ
888 820 994 882 παντὸς
1011 817 1110 890 λόγον,
1129 816 1202 874 οὕτω

218 907 357 978 κέχρηται,
376 909 428 962 οίκ
447 906 627 977 ἀλλότριον
647 909 685 972 ὡς
703 908 774 974 πρὸς
792 906 861 964 ὁδὸν
879 908 915 964 τὸ
934 907 1097 980 βαδίζειν.

253 1049 288 1104 of.
308 1050 340 1104 fr.
363 1055 413 1104 159
434 1053 462 1104 et
480 1051 513 1104 fr.
534 1055 594 1105 160.
650 1057 687 1104 31
707 1050 741 1106 cf.
762 1051 849 1105 etiam
867 1051 969 1105 fr.165
987 1069 1015 1120 p.
1036 1057 1096 1118 202,
1112 1056 1175 1104 λῦε.

250 1245 319 1314 163
352 1248 605 1314 ARGVMENTVM
638 1249 805 1314 Demosth.
835 1271 879 1314 or.
902 1255 972 1313 XXI
1000 1251 1035 1313 in
1057 1249 1199 1313 Midjam.

182 1355 259 1441 Pap.
284 1361 405 1420 CXXXI
427 1356 508 1421 Mus.
532 1356 612 1421 Brit.
635 1354 685 1444 (=
704 1357 854 1423 Ανλςίοίίε
875 1379 915 1422 on
938 1357 986 1422 the
1004 1359 1202 1422 constitution

142 1481 168 1521 1⁰
181 1464 220 1545 of
228 1463 348 1529 Αίίιοκε
361 1465 463 1528 edited
476 1464 514 1547 ἀγ
527 1464 566 1528 F.
584 1464 623 1530 G.
637 1465 779 1547 Κοκγοκ.
809 1465 912 1529 Md
924 1466 992 1529 ακιί
1003 1465 1124 1529 νοοιεοά
1136 1463 1201 1528 edi-

182 1573 248 1636 ίίονι
272 1570 358 1634 1892
386 1593 416 1654 p.
437 1570 502 1634 216
535 1575 569 1666 ἢ
599 1571 808 1636 ιῙοίονδκνοίιον
832 1573 903 1652 fuer
927 1571 1101 1654 Philoloyie
1126 1569 1199 1654 145,

184 1678 270 1742 1892
284 1701 315 1762 p.
326 1677 368 1742 29
384 1675 535 1762 [ΒΙειεε]);
554 1679 725 1754 Μειδίας
744 1680 800 1754 είς
816 1679 861 1742 τὰ
874 1679 1041 1762 μάλιστα
1055 1677 1200 1762 ἐχθρὸς

182 1779 228 1866 ἦν
247 1793 297 1872 τῷ
316 1783 584 1868 Δημοσθένει,
608 1785 671 1848 καί
696 1785 761 1849 διὰ
783 1788 939 1850 πολλῶν
961 1781 1032 1866 μέν
1051 1783 1115 1850 καλ
1134 1785 1201 1848 ἀλ-

183 1895 259 1956 λων
283 1888 506 1968 ἐνεδείξατο
530 1893 585 1967 είς
609 1891 730 1956 αὐτὸν
749 1893 818 1974 τὴν
837 1889 1000 1976 ἔχθραν,
1024 1894 1090 1957 καί
1106 1914 1200 1956 ποτε

142 1998 354 2082 ιεχορηγὸν
377 1999 471 2062 ὄντα
494 1997 616 2062 αὐτὸν
638 2008 704 2081 τῆς
724 1999 995 2073 Πανδιονίδος
1014 2002 1141 2080 φυγῆς
1159 1997 1201 2062 ἐν

181 2103 277 2189 μέση
297 2114 340 2189 τῇ
359 2104 555 2189 ὀρχήστρᾳ
572 2105 787 2180 κονδύλοις
806 2106 955 2188 ἔλαβεν.
988 2101 1067 2169 ὁδὶ
1087 2103 1200 2188 ε’γρά·

181 2223 279 2286 ψατο
317 2210 437 2275 αὐτὸν
470 2211 670 2294 δημοσίων
708 2209 973 2293 ἀδικημάτων,
1011 2227 1200 2295 συμπερι-

182 2319 313 2401 λαβὼν
349 2327 432 2392 τοῖς
469 2317 677 2401 δημοσίοις
710 2316 924 2401 ἀδικήμασι
956 2319 1026 2401 τὴν
1059 2315 1199 2382 ἑαυτοῦ

181 2424 315 2508 ὕβριν,
343 2421 427 2488 ἐπεὶ
454 2421 545 2506 ἐξῆν
568 2422 705 2512 ἐκείνῳ
730 2423 863 2508 λέγειν
886 2424 946 2489 ὅτι
974 2423 1199 2508 ’ὑβρίσθης

141 2527 275 2613 εολαβέ
299 2541 365 2614 τῆς
387 2530 538 2614 ὕβρεως
561 2532 602 2594 τὸ
625 2530 871 2615 πρόστιμον’.
913 2527 993 2614 ἔχει
1017 2527 1046 2595 δ’
1067 2529 1087 2613 ἡ
1107 2531 1200 2595 ὑπό-

181 2643 294 2712 θεσις
321 2639 415 2701 κατά
438 2633 499 2718 μὲν
522 2639 712 2702 Κεκίλιον
740 2638 812 2702 δύο
840 2638 1047 2721 κεφάλαια,
1077 2638 1110 2701 εί
1134 2639 1199 2721 δη-

181 2745 322 2827 μόσιόν
354 2741 463 2808 ἐστιν
496 2743 681 2828 ἀδίκημα,
717 2745 782 2808 καί
815 2745 849 2808 εί
880 2744 1027 2827 μεγάλα
1059 2746 1104 2809 τά
1135 2766 1199 2809 πε-

181 2848 385 2934 πραγμένα
413 2849 531 2915 ἐστίν.
577 2849 784 2936 προσθετέον
812 2851 849 2916 δὲ
871 2850 1020 2933 κάκεῖνο,
1050 2852 1079 2915 εί
1101 2851 1200 2936 ὕβρις

226 2955 318 3021 ἐστίν
349 2956 369 3039 ἡ
402 2956 577 3041 γενομένη·
610 2958 690 3042 ὅπερ
723 2956 837 3022 ἀθετεῖ
864 2959 1048 3033 Κεκίλιος
1079 2969 1199 3034 κακῶς·

141 3079 167 3121 2⁵
227 3060 317 3128 ἔσται
340 3065 404 3147 γάρ
427 3063 585 3139 ἐναντίως
609 3062 698 3149 αὐτῷ
717 3063 947 3148 γεγραμμένον
965 3064 1002 3127 τὸ
1021 3065 1199 3147 προοίμιον

254 3316 267 3363 1
287 3309 387 3382 πρώτῳ
407 3310 471 3363 add.
488 3309 572 3364 Wolf.
664 3316 688 3363 2.
709 3315 725 3361 3
744 3310 939 3380 ἀπεξενωμένη
952 3310 1039 3376 Wolf,
1057 3312 1199 3377 ἀποξενώ-

180 3399 263 3450 μενος
280 3379 354 3433 libri.
438 3387 471 3433 16
491 3379 506 3436 ὁ
526 3379 557 3435 δὲ
576 3380 701 3450 Kenyon‚
721 3377 766 3448 ἐφ’
786 3378 829 3443 οίς
846 3381 935 3436 Β1οεε.
1017 3387 1057 3436 17.
1079 3387 1112 3435 18
1132 3399 1198 3451 σομ-

180 3451 338 3522 περιλαβὼν
364 3450 491 3520 Κεηγοο,
517 3453 726 3524 συνπεριλαβὼν
752 3451 840 3506 Β1εεε.
933 3457 967 3506 20
991 3451 1047 3523 ἔχει
1069 3453 1197 3522 Κεηγοη,

180 3522 301 3593 περιέχει
314 3521 403 3576 Blass.
477 3528 519 3576 22.
535 3529 568 3576 23
587 3521 771 3593 πεπραγμένα
785 3522 859 3578 ἐστίν
873 3523 999 3593 Κεογοο,
1014 3522 1198 3595 πεπραγμένα

181 3597 244 3663 (om.
264 3590 348 3661 ἐστίν)
367 3592 456 3647 ΒΙοεε.
