2666 3910
545 199 762 252 Paconsssvnl
1071 193 1163 250 xxm

145 369 184 429 ob
210 389 272 429 rem
302 371 414 428 maiore
446 369 583 428 cantone
613 385 687 443 opus
717 369 770 426 est.
816 367 1054 443 Discrepantias,
1087 384 1163 441 quae

145 459 224 518 inter
251 457 414 518 Caecilium
442 461 472 516 et
498 457 677 532 Dionysium
705 455 942 530 intercedebant,
974 455 1101 514 maxime
1126 455 1162 514 ad

146 566 182 606 ea
204 549 397 624 pertinuisse,
426 565 502 622 quae
529 565 608 606 noua
632 547 822 605 excoluerunt
845 548 876 605 et
898 547 1019 620 proprio
1042 546 1162 622 ingenio

145 638 331 711 inuenerunt,
353 638 374 696 i.
395 636 476 695 aad
498 637 688 712 quaestiones
707 636 781 694 artis
800 636 921 694 criticae
943 639 972 694 et
994 634 1032 692 ad
1052 633 1164 692 iudicia

144 727 294 786 rhetorica
322 728 352 784 et
375 726 551 799 acsthetica,
578 724 666 782 facile
689 725 883 802 intellegitur.
929 723 970 782 Et
991 723 1065 782 bene
1089 723 1163 782 acci-

146 815 203 892 dit,
237 815 316 890 quod
343 835 362 874 a
388 814 662 891 Pseudoplutarcho
689 833 721 872 ro
753 831 825 872 uera
857 813 913 871 hae
946 812 1163 887 discrepantiae

145 904 295 964 interdum
314 904 505 977 adnotantur,
528 922 619 979 quam
636 921 700 961 rem
721 903 783 960 iam
802 921 892 978 supra
910 904 1082 960 memoraui.
1122 900 1164 960 Vt

145 995 240 1071 igitur
257 996 362 1069 paneis
379 1011 527 1052 summam
540 993 655 1063 ducam,
675 991 841 1051 obtinemus
856 1010 874 1049 a
888 989 1163 1066 Pseudoplutarcho

146 1084 220 1144 satis
234 1083 346 1141 multos
360 1085 497 1142 auctores
507 1084 697 1142 coaceruatos
707 1099 778 1155 esse,
792 1081 908 1140 scilicet
916 1077 967 1151 τὰς
976 1077 1079 1151 κοινὰς
1089 1079 1163 1138 foro·

147 1171 222 1250 ρίας,
245 1167 280 1241 ἃς
303 1167 460 1231 κατέλιπον
478 1166 550 1248 ἡμῖν
569 1170 600 1229 οἱ
616 1169 685 1242 τοὺς
704 1171 789 1247 βίους
807 1177 866 1228 τῶν
884 1166 1003 1246 ἀνδρῶν
1022 1167 1163 1241 συνταξά-

147 1273 244 1337 μενοι(
255 1260 342 1319 Dion.
358 1259 396 1318 ad
405 1260 555 1319 Amm.13
569 1281 597 1336 p.
608 1261 706 1333 2603
717 1260 768 1318 Vs.
779 1263 809 1318 et
818 1253 868 1338 R.)
884 1261 975 1318 etiam
989 1255 1061 1337 γένη
1076 1277 1163 1318 uoca-

145 1353 206 1423 tas,
229 1349 428 1425 amplificatas
451 1351 641 1425 exipsorum
666 1347 789 1408 Caecilii
813 1351 843 1407 et
866 1347 1005 1424 Dionysii
1027 1348 1163 1406 lectione,

146 1439 187 1498 Elt
204 1437 330 1498 fortasse
345 1440 402 1498 hoc
419 1438 588 1497 addendum
605 1441 650 1498 est
666 1437 838 1511 Caecilium,
855 1437 935 1514 quod
952 1438 990 1496 ad
1008 1437 1164 1496 materiam

145 1527 243 1604 ipsam
257 1530 374 1604 attinet,
389 1529 471 1586 ultra
483 1528 662 1604 Dionysium
675 1530 861 1604 processisse,
874 1528 975 1602 plures
990 1529 1086 1586 fontes
1102 1545 1163 1586 eos-

148 1635 204 1693 que
223 1619 337 1692 primae
356 1621 446 1676 notae
465 1617 644 1692 adhibuisse,
662 1619 775 1676 maiore
793 1617 928 1675 ubertate
946 1618 977 1674 in
993 1618 1065 1675 uitis
1081 1635 1164 1674 onar-

146 1706 249 1766 randis
268 1707 368 1766 fuisse.
398 1706 484 1766 Vnde
502 1708 629 1766 fortasse
648 1705 822 1766 concludere
845 1707 916 1766 licet
934 1705 1164 1781 Pseudoplutar-

146 1797 232 1854 chum
256 1797 405 1871 imprimis
431 1797 484 1870 iis,
511 1813 587 1872 quae
612 1815 707 1872 neque
731 1792 859 1874 τὰγένη
883 1813 978 1870 neque
1001 1795 1163 1870 Dionysius

145 1885 355 1960 praebuerunt,
365 1884 542 1946 Caecilianis
556 1887 644 1944 nouis
657 1885 766 1944 librum
778 1903 865 1943 sunm
877 1886 1001 1944 auxisse.
1022 1883 1080 1942 Sed
1091 1884 1164 1942 haec

147 1974 324 2053 singillatim
346 1977 531 2050 pertractare
553 1994 613 2033 non
635 1993 765 2050 possum.
803 1974 930 2032 Tantum
954 1974 1009 2032 hoc
1027 1991 1164 2032 moneam

145 2064 209 2122 iure
228 2067 329 2139 portas
347 2063 519 2136 rhetoricas,
539 2064 666 2139 quaeda
685 2081 808 2122 numero
825 2065 996 2121 orationum
1010 2065 1041 2120 et
1060 2062 1095 2121 de
1115 2083 1163 2139 ge-

146 2170 215 2211 nore
235 2153 350 2212 dicandi
369 2157 449 2228 sant,
469 2153 505 2212 ad
521 2151 707 2212 Calactinum
727 2152 829 2210 reduci
847 2152 923 2210 mihi
936 2152 1040 2210 uideri.
1065 2151 1163 2210 Huius

145 2243 190 2300 rei
217 2241 393 2301 documento
417 2245 462 2301 est
489 2243 628 2317 frequens
653 2240 776 2300 Caecilii
802 2243 914 2299 mentio
942 2242 974 2298 in
1002 2241 1064 2300 illis
1090 2242 1164 2315 ipsis

147 2329 220 2389 locis
243 2333 402 2408 praecipue
425 2331 523 2391 obuia.
565 2331 605 2388 Et
626 2333 659 2389 iu
681 2332 727 2406 iis,
752 2349 828 2406 quse
848 2350 866 2389 a
888 2329 1164 2405 Pseudoplutarcho

145 2421 208 2479 sine
231 2419 349 2480 nomine
373 2420 547 2494 afferuntur,
569 2422 726 2478 sententiis
743 2420 831 2478 illum
850 2418 886 2477 ab
907 2419 1010 2478 eodem
1028 2418 1163 2494 exemplo

146 2508 275 2584 pendere
300 2527 355 2584 par
382 2527 413 2568 se
441 2510 600 2568 admodum
625 2509 787 2567 uerisimile
812 2511 869 2582 cst,
896 2510 1073 2583 praesertim
1097 2526 1163 2564 cum

145 2600 178 2655 in
206 2599 244 2656 iis
272 2617 359 2674 saepe
388 2599 508 2658 eaedem
536 2598 654 2656 dicendi
683 2599 830 2658 formulae
856 2597 993 2670 redeant,
1026 2615 1102 2672 quae
1131 2599 1163 2654 in

147 2687 323 2765 fragmentis
346 2689 466 2747 nomine
485 2686 609 2747 Caecilii
627 2690 753 2763 signatis
777 2688 925 2764 leguntur.
962 2685 1027 2743 Hoc
1046 2704 1163 2761 quoque

146 2777 334 2835 coniecturae
361 2779 480 2836 nostrae
512 2777 706 2853 suffragatur,
739 2775 831 2851 qnod,
863 2778 899 2833 ut
926 2793 960 2832 ex
987 2776 1163 2851 fragmentis

147 2865 219 2939 ipsis
238 2865 380 2936 uidemus,
404 2867 522 2942 saepius
537 2864 685 2925 Caecilius
704 2865 805 2941 plures
823 2865 972 2923 orationes
987 2882 1078 2940 quam
1091 2863 1163 2924 Dio-

146 2955 251 3029 nysius
268 2972 424 3032 garmauas
439 2972 501 3014 esse
519 2955 648 3030 putauit.
675 2953 733 3012 Sed
746 2954 817 3012 licet
830 2954 899 3013 illas
914 2953 1076 3012 sententias
1093 2951 1162 3011 Cae·

146 3043 217 3103 cilio
236 3043 430 3116 uindicemns,
449 3044 504 3102 hoo
523 3044 759 3121 fragmentorum
777 3043 950 3102 collectione
969 3046 1072 3101 nostra
1091 3042 1162 3100 dum

146 3134 269 3204 utimur,
297 3150 413 3208 semper
439 3134 583 3191 memoria
606 3135 758 3191 teneamus
782 3133 896 3192 inillis
919 3132 992 3190 locis
1015 3150 1076 3189 non
1098 3131 1164 3207 ipsa

149 3220 273 3280 Caecilii
295 3220 387 3281 uerba
406 3225 525 3281 seruata
549 3241 619 3295 esse,
644 3222 695 3280 sed
712 3221 1018 3297 Pseudoplutarchum
1037 3220 1076 3277 ad
1099 3240 1162 3280 sen·

146 3310 272 3370 tentiam
299 3313 420 3370 tantum
448 3329 495 3386 aa,
529 3329 606 3386 quae
635 3310 781 3370 Caecilius
814 3313 1001 3387 exposuerat,
1033 3309 1163 3384 reddere,

147 3401 219 3474 quin
238 3401 330 3458 immo
350 3419 385 3458 ne
405 3401 443 3458 ad
462 3402 637 3459 sententiam
655 3401 774 3475 quidem
789 3419 902 3458 meram
919 3398 1041 3457 Caecilii
1055 3399 1163 3457 doctri·

146 3507 214 3546 nam
234 3489 332 3565 reddi,
355 3508 425 3548 nam
444 3507 532 3565 saepe
552 3489 654 3548 ordine
672 3491 792 3548 inuerso
811 3489 843 3546 in
861 3489 983 3547 breuius
1002 3491 1163 3562 contracta,

147 3577 253 3636 alienis
281 3597 399 3654 quoque
425 3580 574 3654 permixta
596 3578 772 3655 produntur.
819 3577 916 3648 Quare
943 3578 975 3636 hi
1002 3577 1062 3636 loci
1089 3577 1163 3634 satis
