2664 3906
7 435 12 472 λ

280 220 341 271 XII.
360 220 515 271 ΕΚΔΟΓΗ
532 217 683 277 ΔΕΞΕΩΝ
701 220 797 270 ΚΑΤΑ
815 219 1015 272 ΣΤΟΙΧΕΙΟΝ
1089 215 1153 280 183

215 377 280 430 Lux.
301 397 322 431 s.
343 396 436 438 va.
456 397 484 448 p.
505 383 565 445 192,
585 383 631 432 17:
655 385 855 446 πρυτανεῖα·
878 380 1015 446 πράςοδος
1037 383 1089 433 τού
1113 380 1161 445 δη-

145 467 250 536 μοείου,
269 469 338 521 ὅταν
356 469 412 522 ἀπὸ
432 468 530 535 Ζημίας
547 473 599 522 τού
619 469 799 534 δικαζομένου
819 470 941 534 γένηται.

217 590 314 644 Svnm
334 591 379 660 (cf.
398 592 451 645 lex.
471 590 497 645 S.
513 591 603 659 quint.
620 610 647 660 p.
663 597 725 655 297,
739 594 797 660 9ί);
816 593 1058 646 πυνθάνεςθαι·
1079 593 1161 645 ἀκού-

144 699 198 748 ειν,
223 683 384 748 μανθάνειν,
409 682 590 748 διδάςκεςθαι,
617 681 746 747 ίςτορείν,
773 682 882 748 ἐρωτᾶν
904 684 922 748 ἢ
946 682 1044 748 ἕτερόν
1065 699 1093 734 τι
1115 697 1161 747 εη-

145 771 246 837 μαίνει,
272 771 464 836 παραπλὴςιον
483 771 534 835 μέν
551 775 602 824 τού
621 771 742 837 ἐρωτᾶν,
769 772 803 824 ού
823 772 878 837 μὴν
897 772 967 824 αὐτά
985 771 1019 824 τά
1038 772 1160 837 ἐρωτᾶν
1188 785 1201 824 ο

144 862 200 914 έςτι
217 861 271 925 γάρ
289 875 342 925 τις,
362 861 401 912 ώς
420 861 519 926 δῆλον,
539 860 661 926 διαφορά
681 859 794 925 μάλιςτα
812 860 888 926 παρὰ
906 865 964 913 τοῖς
983 861 1162 914 διαλεκτικοῖς

145 949 246 1013 μεταξύ
272 949 414 1013 πύςματος
440 950 484 1001 καί
511 948 699 1014 ἐρωτήματος.
735 949 769 1001 τά
795 949 980 1002 πυνθάνεςθαι
1005 949 1080 1015 παρά
1103 954 1162 1003 τοῖς

145 1037 256 1103 ῥήτορςι
275 1039 320 1089 καί
338 1036 404 1103 παρ’
422 1037 534 1104 Ὁμήρῳ
554 1037 598 1090 ἐπί
616 1041 667 1090 τού
686 1038 797 1091 ἀκούειν
818 1039 861 1090 καί
881 1038 1043 1103 μανθάνειν·

251 1126 435 1192 πυνθανόμην
456 1125 559 1191 Ἰθάκης
577 1141 610 1190 γε
629 1126 655 1193 (ν
674 1127 736 1194 256)

144 1218 190 1268 καί
207 1215 289 1268 πάλιν
309 1215 340 1281 (Β
360 1215 421 1282 119)
1175 1231 1201 1270 10

252 1303 363 1370 αίςχρὸν
382 1304 435 1369 γάρ
453 1304 520 1356 τάδε
537 1303 565 1368 γ’
583 1304 639 1357 ἐςτί
657 1307 702 1357 καί
721 1305 885 1369 ἐεςομένοιςι
903 1288 1036 1358 πυθέςθαι

145 1396 191 1446 καί
211 1395 242 1460 (Λ
262 1394 305 1460 21)

251 1483 370 1536 πεύθετο
389 1481 442 1548 γάρ
462 1481 604 1547 Κύπρονδε
624 1483 694 1547 μέγα
713 1483 791 1536 κλέος

146 1574 190 1624 καί
209 1571 237 1637 (γ
255 1572 300 1638 81)

251 1659 410 1726 πευθόμεθ’,
429 1659 475 1725 ἧχι
494 1659 608 1712 ἕκαςτος
626 1661 754 1713 ἀπώλετο

145 1752 191 1803 καί
210 1750 238 1818 (γ
256 1751 300 1811 88)

255 1837 347 1891 κείνου
367 1837 392 1890 δ’
411 1838 446 1891 αύ
466 1840 511 1890 καί
529 1838 646 1903 ὄλεθρον
666 1837 789 1891 ἀπευθέα
807 1841 876 1904 θῆκε
895 1837 1027 1904 Κρονίων.

144 1929 176 1982 ἐν
199 1929 252 1994 γάρ
275 1929 386 1982 τούτοις
409 1928 507 1980 ᾶπαςιν
530 1927 575 1980 ἐπί
597 1932 648 1980 τοῦ
673 1929 785 1981 ἀκούειν
809 1933 895 1981 κεῖται
913 1929 946 1981 τὸ
967 1927 1160 1980 πυνθάνεςθαι.

145 2020 190 2071 καί
205 2015 330 2083 Αίςχίνης
344 2017 376 2070 δέ
390 2017 420 2069 ἐν
433 2021 475 2084 τῷ
489 2017 547 2082 Τῆς
560 2016 778 2082 παραπρεςβείας
795 2014 840 2083 (cf.
855 2023 877 2068 11
893 2017 953 2084 154)
974 2013 1077 2084 “τούτιμ
1097 2032 1161 2081 ευμ-

146 2109 238 2172 βαλεῖν
263 2104 494 2172 πυνθανᾶμενος’.
532 2107 577 2159 καί
600 2105 754 2171 Δείναρχος
779 2106 809 2158 ἐν
832 2111 874 2173 τῷ
899 2106 973 2159 Κατὰ
996 2106 1162 2159 Φιλοκλέους
1176 2119 1202 2158 νο

145 2199 190 2262 (ΙΠ
209 2197 235 2262 6)
256 2195 416 2260 ἐὐτυχεῖτε
441 2195 485 2248 ὅτι
503 2195 556 2247 οὐκ
574 2196 605 2248 ἐν
624 2193 727 2260 μείζονι
745 2200 832 2263 καιρῷ
851 2195 983 2248 ἐπύθεςθε
1001 2197 1054 2260 τὴν
1073 2196 1160 2248 αύτοθ

144 2283 387 2350 αίςχροκέρᾶειαν’.
421 2285 466 2336 καί
481 2285 662 2349 Δημοςθένης
681 2284 712 2336 ἐν
729 2288 770 2351 τῷ
790 2284 860 2349 Περί
877 2287 930 2350 τῆς
942 2284 1161 2350 παραπρεςβείας

146 2375 212 2441 (ΧΙΧ
229 2375 272 2440 79)
293 2373 388 2426 ὀύτος
406 2371 557 2438 ἀπήγγειλε
573 2371 610 2425 τά
630 2374 735 2438 ψευδῆ,
754 2371 832 2437 ὑμεῖς
851 2372 1037 2439 ἐπιςτεύςατε,
1057 2371 1083 2424 οἱ
1099 2373 1161 2425 Φω-

145 2469 201 2517 κεῖς
219 2461 379 2516 ἐπύθοντο’,

216 2585 280 2638 Im.
301 2603 322 2638 s.
343 2601 437 2645 ονιιιτ.
460 2601 488 2652 p.
509 2588 573 2650 192,
593 2589 639 2637 21:
672 2585 838 2651 πωληταί·
872 2585 899 2638 ol
927 2587 1075 2652 ἀπαιτηταί
1102 2591 1201 2639 τώνιυ

145 2676 276 2742 ἀφειλών.

217 2797 315 2851 Sume
334 2796 380 2866 (cf.
395 2797 448 2851 lex.
463 2795 490 2851 S.
505 2797 596 2866 quart.
611 2815 639 2866 p.
656 2801 716 2863 193,
731 2798 770 2864 4):
789 2800 942 2863 πώμαλα·
962 2799 1023 2852 ἀντὶ
1041 2804 1091 2852 τού
1111 2801 1161 2852 πό-

145 2893 208 2955 θεν,
227 2887 289 2942 οίον
308 2890 445 2953 οὐδαμῶς.
484 2888 538 2940 ἐςτι
557 2889 587 2941 δέ
606 2889 639 2941 τὸ
659 2888 709 2952 μέν
727 2891 772 2941 πώ
792 2889 916 2954 Δώριον,
935 2889 1081 2953 τιθέμενον
1100 2889 1161 2941 ἀντί

144 2983 197 3031 τού
216 2978 316 3044 πάθεν,
334 2977 367 3030 τὸ
388 2978 418 3031 δέ
438 2964 509 3043 μάλ-α
528 2979 545 3043 ἢ
565 2977 706 3043 παρέλκει,
726 2978 743 3042 ἢ
763 2976 794 3029 ἐν
813 2975 942 3044 ςυνηθείᾳ
961 2978 1115 3042 λεγάμενον·
1130 2978 1161 3030 ἐν

144 3073 186 3135 τῷ
212 3069 344 3134 πώμαλα,
368 3065 430 3119 οἷον
454 3067 487 3118 ού
512 3067 584 3131 μάλα
608 3066 669 3118 ἀντί
690 3069 742 3118 τού
766 3065 799 3118 ού
826 3067 844 3131 ἢ
868 3066 930 3118 ἀντί
951 3070 1003 3118 τού
1026 3067 1160 3121 ούδόλως.
1175 3080 1201 3120 ιο

146 3156 201 3208 ἔςτι
220 3156 250 3208 δέ
268 3154 400 3208 Ἀττικὸν.
435 3155 532 3208 Λυςίας
552 3155 582 3207 ἐν
595 3159 631 3223 τῇ
645 3154 723 3220 Πρὸς
739 3153 888 3220 Ἀςύβαρον
903 3154 1030 3223 ἐπιςτολῇ
1050 3154 1093 3223 (fr.
1110 3159 1161 3207 254

144 3243 223 3310 Im
247 3247 297 3296 110
317 3242 427 3312 Τλιαίίι.)
456 3242 601 3307 ’γενναίως
625 3243 679 3310 γάρ
705 3243 733 3296 αί
757 3249 885 3307 γυναῖκες
910 3245 1029 3309 πώμαλα
1055 3245 1161 3311 έφαςαν

216 3353 285 3403 6-7
306 3349 340 3404 ef.
356 3349 390 3404 fr.
405 3353 539 3405 άᾶ-άθα.
609 3354 642 3402 29
662 3350 699 3403 ad
713 3347 801 3403 uerba
815 3348 845 3404 ἐν
860 3346 999 3425 σννηθείᾳ
1012 3349 1161 3420 λεγόμενον

144 3437 180 3491 of.
195 3436 280 3492 Dmns
294 3439 313 3494 l.
328 3456 349 3492 s.
363 3457 391 3508 p.
406 3446 513 3494 XXVIII.

218 3601 250 3650 15
269 3593 432 3668 πευθόμεθ’
449 3597 560 3653 Bekker
579 3616 613 3653 ex
630 3598 760 3667 Homero,
778 3596 956 3668 πευθόμενος
973 3597 1048 3652 libri.
