2666 3912
190 234 253 298 132
371 237 445 288 vm.
466 236 737 287 ΣΤΓΓΡΑΜΜΑΤΑ
756 235 856 287 ωηεν
873 233 1019 286 mm

233 393 346 465 είληφεν
365 394 467 462 ἀρετάς
484 414 513 450 τε
532 395 581 448 καί
599 394 722 466 χάριτας.
760 394 809 447 καί
823 393 877 462 γάρ
892 395 970 447 λαλεῖ
980 392 1049 462 μετά
1063 393 1205 464 ἀφελείας,

232 483 306 539 ἔνθα
333 483 398 554 χρή,
428 485 477 538 καί
506 485 540 538 οὐ
568 483 662 538 πάντα
690 483 753 553 ἑξῆς
775 484 825 536 καί
852 479 1022 552 μονοτόνως,
1050 482 1088 545 ὥς
1113 481 1205 554 Mn-

232 572 373 642 μοσθένης
397 571 513 642 λέγεται,
539 570 571 628 τό
596 593 625 627 τε
651 569 758 642 ήδικδν
783 572 838 643 ἔχει
863 571 931 640 μετά
958 571 1126 641 γλυκύτητος
1149 572 1204 642 ήδίι

232 666 312 724 λιτῶς
334 659 558 732 ἐφηδωνόμενον·
583 659 690 731 ἀφατοί
711 680 741 716 τε
763 661 828 729 περί
851 658 939 715 αὐτόν
957 661 1032 714 «εἰσιν
1055 659 1205 730 ἀστεϊσμοί,

233 751 339 822 μυκτὴρ
359 754 586 819 πολιτικώτατος,
610 750 750 819 εὐγένεια,
774 748 815 806 τό
830 749 902 804 κατά
924 748 975 811 τάς
998 747 1142 816 εἰρωνείας
1160 749 1205 803 εό-

234 840 418 910 πάλαιστρον,
442 842 593 910 σκώμματα
612 840 663 894 οάκ
683 839 793 909 ἀμουσα
812 836 877 894 οὐδ’
898 837 1032 908 ἀνάγωγα
1050 837 1123 892 κατά
1140 837 1206 900 τοὺς

232 925 368 990 Ἀττικοὺς
393 925 518 991 ἐκείνους
545 925 606 982 ἀλλ’
632 926 806 997 ἐπικείμενα,
834 924 987 996 διασυρμός
1011 947 1042 986 τε,
1068 925 1206 992 ἐπιδέξιος

233 1019 282 1072 καί
308 1019 379 1072 πολά
403 1014 436 1072 τὸ
462 1014 586 1087 κωμικδν
611 1018 660 1070 καί
686 1017 754 1086 μετά
779 1019 897 1077 παιδιᾶς
921 1012 1053 1085 εάστόχου
1080 1015 1206 1082 κέντρον,

234 1105 372 1176 ἀμίμητον
390 1105 422 1162 δέ
440 1107 531 1161 εἰπεῖν
547 1103 579 1162 τὸ
600 1107 630 1161 ἐν
648 1115 718 1160 πᾶσι
734 1105 844 1167 τούτοις
858 1101 1062 1175 ἐπαφρόδιτον·
1083 1103 1205 1159 οἰκτίσα-

234 1193 305 1250 σδαί
320 1215 351 1249 τε
369 1194 604 1264 προσφυέστατος,
623 1195 663 1249 ἔτι
681 1193 713 1250 δὲ
732 1195 924 1264 μυθολογῆσαι
942 1192 1094 1264 κεχυμένος
1112 1194 1161 1247 καί
1175 1194 1206 1248 έν

99 1291 104 1305 “
167 1326 172 1336 .
233 1286 308 1357 ὑγρῷ
327 1284 466 1354 πνεόματι
484 1284 660 1348 διεξοδεῦσαι
678 1283 718 1338 ἐτι
737 1283 890 1352 εόΙκαμπής
908 1282 1009 1350 ἀκρως,
1030 1281 1121 1349 ὥσπερ
1140 1280 1206 1351 ἀμέ·

233 1377 273 1428 λει
295 1373 334 1427 τά
359 1371 410 1442 μὲν
434 1374 511 1441 περὶ
535 1371 594 1441 τήν
613 1373 707 1442 Λητὼ
731 1373 997 1440 ποιητικώτερα,
1022 1369 1072 1425 τὸν
1096 1367 1125 1426 δ’
1147 1371 1206 1426 ἐπι-

232 1461 336 1531 τάφιον
351 1463 550 1530 ἐπιδεικτικῶς,
565 1462 603 1524 ὡς
616 1463 667 1516 οὐκ
682 1457 740 1522 οἶδ’
757 1459 788 1515 εί
795 1481 838 1524 τις
851 1460 941 1528 ἀλλος,
956 1458 1102 1515 διέθετο.
1136 1461 1173 1530 (3)
1190 1457 1206 1514 ό

233 1551 265 1606 δὲ
279 1549 466 1620 Δημοσθένης
485 1549 695 1620 ἀνηδοποίητος
714 1549 874 1620 ἀδιοίχυτος,
892 1547 993 1618 ἥκιστα
1011 1548 1096 1618 ὑγρὸς
1114 1547 1206 1618 ἢέπι-

234 1637 380 1708 δεικτικός,
406 1639 540 1695 ἀπόντων
566 1640 629 1710 ἑξῆς
652 1649 709 1695 τῶν
734 1638 942 1709 προειρημένων
967 1638 1040 1693 κατά
1064 1635 1096 1692 τὸ
1121 1636 1207 1692 πλέον

234 1729 359 1798 ἀμοιρος,
379 1728 452 1784 ἔνθα
471 1729 522 1798 μὲν
541 1731 647 1799 γελοῖος
665 1725 739 1784 εἷναι
758 1728 882 1800 βιάζεται
901 1729 955 1782 καί
967 1729 1089 1794 ἀστεῖος,
1109 1725 1206 1795 ον’,γέ-

233 1822 306 1873 λωτα
324 1827 399 1873 κινεῖ
416 1821 520 1887 μᾶλλον
538 1816 555 1886 ἢ
574 1821 774 1888 καταγελᾶται,
801 1817 881 1872 ὅταν
894 1815 926 1872 δὲ
945 1815 1062 1886 ἐγγίζειν
1080 1815 1149 1886 θέλῃ
1168 1819 1207 1885 τῷ

233 1905 360 1978 ἐπίχαρις
378 1903 460 1976 είναι,
478 1905 540 1962 τότε
559 1905 644 1962 πλέον
663 1905 822 1975 ἀφίσταται
854 1903 886 1960 τό
907 1905 938 1975 γέ
956 1925 999 1960 τοι
1015 1924 1067 1973 περ
1069 1904 1207 1974 ίΦρόνης

234 1992 471 2065 ήΆθηνογένους
493 1994 618 2066 λογίδιον
641 1994 816 2066 ἐπιχειρήσας
839 1993 960 2064 γράφειν
984 1994 1024 2049 έτι
1047 1997 1150 2063 μᾶλλον
1169 1990 1207 2048 δν
1315 1987 1320 1996 ”

231 2082 380 2153 Τπερίδην
399 2083 570 2153 συνέστησεν.
609 2087 646 2153 (4)
619 2080 726 2138 λε’ἀλλ
743 2083 903 2152 ἐπειδήπερ,
922 2078 1009 2152 οἶμαι,
1027 2083 1063 2141 τά
1082 2081 1132 2152 μὲν
1150 2087 1207 2138 θα-

233 2172 314 2240 τέρου
333 2172 414 2240 καλοί,
433 2174 482 2226 καὶ
501 2172 527 2228 εἰ
544 2172 641 2241 πολλοί,
661 2171 735 2242 ὅμως
748 2170 874 2242 ἀμεγέθη
894 2173 995 2246 (καί
980 2193 1017 2235 ως
1031 2171 1083 2244 h>
1102 2169 1208 2246 καρδίᾳ

112 2269 122 2282 ’
167 2305 172 2315 .
233 2263 373 2331 νήφοντος
389 2265 393 2329 Ι
410 2261 483 2331 ἀργά
502 2258 595 2316 καίτδ
597 2283 615 2315 ν
630 2261 772 2330 ἀκροατὴν
786 2262 899 2330 ἠρεμεῖν
913 2263 1003 2317 ἐῶντα
1021 2262 1125 2330 (οὐδεὶς
1138 2269 1208 2329 γοῦν

230 2348 377 2419 Ὑπερίδην
400 2351 601 2419 ἀναγινώσκων
624 2353 773 2422 φοβεῖται),
801 2349 816 2404 ὁ
845 2349 881 2404 δὲ
910 2351 1017 2404 ἐνθεν
1044 2349 1208 2411 ἐλὼν,ετον”ι

235 2437 561 2509 μεγαλοφυεστοίτου
588 2441 646 2494 καί
674 2436 725 2494 ἐπ’
760 2439 867 2507 ἀκρον
900 2439 1023 2508 ἀρετὰς
1053 2456 1208 2494 συντετε-

234 2527 408 2597 λεσμένας,
441 2526 635 2598 ὑψηγορίας
662 2526 773 2597 τόνον,
807 2529 941 2600 ἔμψυχα
970 2526 1080 2596 ποίδη,
1112 2546 1207 2595 περι-

235 2614 356 2671 ουσίαν
393 2614 576 2688 ἀγχίνοιαν
611 2616 728 2689 τάχος,
771 2617 857 2671 ἔνθα
894 2617 935 2685 δὴ
972 2617 1106 2685 κόριον,
1146 2614 1210 2685 τήν

235 2705 362 2760 ἅπασιν
394 2703 582 2773 ἀπρόσιτον
615 2705 793 2776 δεινότητα
825 2706 883 2760 καί
915 2705 1077 2774 δύναμιν,
1111 2705 1208 2774 ἐπειδὴ

234 2803 336 2862 ταῦτα,
360 2792 445 2864 φημί,
468 2794 506 2858 ὡς
523 2793 689 2865 θεόπεμπτα
707 2795 788 2851 δεινά
807 2793 959 2863 δωρήματα
983 2795 1026 2864 (οό
1045 2793 1098 2863 γάρ
1118 2795 1209 2849 εἰπεῖν

169 2925 174 2937 .
235 2883 352 2952 θεμιτὸν
375 2885 565 2954 ἀνθρόήπινα)
592 2882 689 2953 ἀθρόα
714 2885 743 2946 ἐς
768 2883 869 2938 ἑαυτὸν
895 2884 1026 2950 ἔσπασεν,
1052 2882 1100 2937 διά
1125 2892 1208 2936 τοῦτο

237 2968 279 3035 οίς
298 2971 354 3043 ἔχει
371 2975 468 3035 καλοῖς
486 2972 614 3035 ἅπαντας
632 2975 678 3028 ἀεὶ
696 2977 763 3048 νικᾷ
781 2973 830 3026 καί
849 2971 918 3040 ὑπὲρ
938 2968 978 3027 ὧν
996 2973 1048 3042 οάκ
1067 2971 1135 3042 ἔχει,
1159 2972 1209 3026 καί

236 3061 352 3129 ὡσπερεί
371 3063 549 3136 καταβροντᾷ
563 3063 612 3116 καὶ
625 3060 796 3132 καταφέγγει
808 3063 875 3124 τοὺς
890 3057 941 3114 ἀπ’
958 3061 1062 3124 αἰῶνος
1075 3058 1207 3131 ῥήτορας·

237 3152 286 3204 καί
309 3154 418 3205 θᾶττον
441 3149 478 3204 ἀν
500 3171 542 3213 τις
564 3159 712 3218 κεραυνοῖς
735 3149 901 3220 φερομένοις
923 3151 1089 3216 ἀντανοῑξαι
1106 3149 1141 3203 τά
1160 3149 1209 3219 όμ-

265 3331 376 3382 1λαλεῑ
392 3327 461 3397 μετὰ
478 3327 620 3395 Fonteius,
639 3329 760 3397 λαλεάμα
761 3348 796 3382 τα
814 3327 894 3382 liber.
986 3331 1017 3380 11
1038 3325 1074 3381 ἀκ
1076 3347 1130 3396 ρως
1148 3327 1210 3381 Ma

192 3399 297 3464 nutius,
316 3398 403 3467 ἀκρος
420 3399 500 3453 liber.
575 3404 608 3453 16
628 3399 678 3469 μὲν
692 3399 810 3465 Finckh,
829 3397 924 3469 μέντοι
942 3399 1021 3452 h'ber.
1096 3403 1129 3452 18
1148 3398 1211 3454 ἐπί-

191 3490 272 3539 χαρις
289 3471 397 3536 Portus,
418 3470 553 3562 ἐπιχαρης
570 3470 649 3525 liber.
730 3471 841 3538 Φρύνης
860 3469 1070 3536 Sohurzfleisch‚
1089 3490 1163 3542 φρνγ
1166 3469 1211 3539 ίης

192 3540 271 3595 liber.
341 3548 373 3595 21
408 3543 482 3597 καί
466 3563 504 3605 ως
513 3541 565 3614 ἐν)
575 3540 806 3610 καρδιαίοάιίοο
816 3540 919 3612 καρδίη
929 3542 1009 3596 hbet
1079 3545 1111 3592 31
1123 3562 1211 3596 κατα

194 3611 289 3682 ’τέγγει
307 3612 416 3666 Manu
408 3631 460 3680 τοι,
479 3611 642 3683 καταφέγγη
661 3597 741 3667 liber.
837 3653 839 3657 -
888 3651 891 3656 -
1156 3647 1157 3652 =
1197 3653 1199 3660 .
