2666 3912
276 229 338 280 XII.
357 230 511 279 EKAOPH
530 227 680 286 ΛΕΞΕΩΝ
697 227 792 279 ΚΑΤΑ
810 225 1011 280 ΣΤΟΙΧΕΙΟΝ
1084 227 1148 291 143

207 385 304 440 Svas
324 387 369 456 (cf.
389 387 441 440 lex.
462 387 488 440 S.
508 387 598 455 quint.
618 405 645 456 p.
665 393 727 454 216,
746 390 786 456 θλι
810 389 1013 455 ἀνάργυρος·
1033 390 1049 442 δ
1069 391 1152 455 ἀργύ-

134 493 196 544 ριον
215 479 251 543 μὴ
271 479 448 544 κεκτημένος,
469 476 492 531 εἰ
511 481 556 530 καὶ
575 477 616 544 εἴη
636 478 714 546 αὐτῷ
733 477 814 544 λκανὴ
830 477 908 530 οὺςία
924 479 952 532 ἐξ
967 479 1071 544 ἑτέρων
1088 495 1151 545 κτη-

136 566 239 632 μάτων.
277 566 375 621 Λυςῖας
403 567 433 620 έν
460 572 501 634 τῷ
529 567 599 633 Περὶ
626 571 677 632 τῆς
706 565 863 630 Ἐπιγένους
891 567 1026 633 διαθήκη(
1053 565 1097 634 (fr.
1117 570 1150 618 36

134 652 246 722 Thalh.)
276 655 382 721 ’ἐπειδὴ
406 655 501 708 τοίνυν
526 655 668 721 Ἐπιγένης
691 655 808 721 ἀςθενὴς
830 661 1006 722 τριηραρχεῖν
1032 655 1153 721 ἡναγκά-

135 745 207 811 ζετο,
227 745 383 810 ἀνάργυρος
402 746 442 797 ὢν
462 747 575 811 καὶτῆς
593 749 645 810 γῆς
663 749 722 797 τῶν
740 745 881 810 πολεμίων
900 744 1101 810 κρατούντων’.
1179 757 1193 797 5

207 884 272 938 Lux.
293 905 314 938 s.
334 903 428 945 ονλυτ.
448 903 475 954 p.
497 889 561 952 183,
582 890 628 938 19:
652 886 853 939 ἀνάςτατος·
879 888 894 938 ὁ
918 888 1077 940 καταλιπὼν
1099 889 1152 952 τήν

136 974 239 1042 οὐςῖαν,
259 977 303 1029 καῖ
322 975 367 1028 ἐπὶ
384 979 436 1041 τῆς
455 977 614 1041 ἀλλοδαπῆς
633 977 683 1040 Ζῆν
703 974 875 1041 αἱρούμενος.

208 1115 305 1170 θιποιο
330 1115 375 1184 (cf.
399 1115 451 1169 lex.
482 1115 508 1168 S.
527 1118 619 1184 quart.
638 1134 665 1185 p.
687 1121 746 1181 184,
767 1119 826 1185 32):
855 1119 1088 1170 ἀναςύνταξις·
1117 1118 1152 1170 τά

136 1207 358 1272 διαγεγραμμένα
381 1206 522 1272 τιμήματα
545 1211 605 1258 ταῖε
629 1206 801 1273 ςυμμορῖαις,
828 1207 896 1259 ὅταν
921 1207 986 1274 δόξῃ
1011 1206 1151 1274 τῷδήμῳ

136 1297 247 1364 χρῄζειν
270 1295 429 1361 προςθήκης
452 1297 470 1361 ἢ
495 1296 667 1361 ἀφαιρέςεως
691 1297 736 1349 καῖ
759 1297 877 1348 ἕλωνται
895 1296 962 1348 τοὺς
979 1300 1065 1348 τοῦτο
1084 1295 1152 1361 πρά·
1167 1309 1194 1348 ιο

137 1386 243 1450 ξοντας,
262 1389 348 1436 τοῦτο
367 1384 548 1437 ἀναςύνταξιν
567 1387 703 1438 καλοῦςιν.

209 1522 274 1576 Lnx.
294 1542 315 1577 α.
331 1543 419 1586 ονιατ.
434 1543 461 1593 p.
478 1529 542 1593 218,
560 1529 605 1579 13:
625 1527 836 1580 ἀνατιθέναι·
857 1529 902 1580 καὶ
921 1527 965 1581 ἐπὶ
983 1531 1042 1580 τῶν
1061 1526 1152 1606 ἀνατι-

137 1616 262 1679 θεμένων
285 1620 343 1667 τοῖε
366 1618 440 1668 θεοῖς
462 1616 651 1682 ἀναθημάτων
670 1617 822 1683 έχρὴςαντο
841 1616 868 1669 οἱ
886 1616 1003 1682 ῥήτορες
1020 1621 1055 1684 τῇ
1075 1617 1151 1682 λέξει,

137 1704 182 1757 καὶ
201 1703 244 1755 ἐπὶ
262 1707 313 1756 τοῦ
332 1705 500 1770 προεάπτειν
519 1707 569 1758 τιςὶ
589 1705 760 1772 βλαεφημίας
778 1707 796 1772 ἢ
816 1705 953 1770 διαβολάς.

209 1843 307 1897 θνῐοιο
327 1845 371 1914 (cf.
386 1846 438 1899 lex.
455 1844 481 1898 S.
496 1845 586 1914 quint.
600 1864 628 1914 p.
645 1852 705 1914 217,
720 1849 778 1916 21):
798 1847 1024 1913 ἀναυμαχῖουΙ
1045 1849 1084 1900 ὡς
1099 1853 1151 1900 τοθ
1167 1859 1194 1900 15

138 1936 174 2000 μὴ
194 1936 386 2000 ςτρατεύεςθαι
405 1938 449 1988 καί
466 1941 517 1989 τοῦ
537 1936 639 1990 λείπειν
657 1939 710 2002 τὴν
729 1937 805 1990 τάξιν
825 1939 869 1990 καλ
882 1941 934 1989 τοῦ
948 1938 984 1990 τά
998 1938 1070 1990 ὅπλα
1084 1937 1152 1990 ἀπο·

137 2026 229 2088 βαλεῖν
244 2024 336 2090 Ζημῖαι
355 2026 424 2090 ῆςαν
438 2026 584 2091 ὼριςμέναι
599 2025 701 2078 ἐκτῶν
715 2026 820 2092 νόμων,
840 2026 915 2078 οὕτω
936 2027 980 2078 καί
998 2030 1049 2078 τοῦ
1069 2023 1151 2096 (μὴ)

136 2116 317 2178 ναυμαχήςαι.
354 2119 441 2166 τοῦτο
459 2115 493 2166 τὸ
512 2116 627 2181 ὄφλημα
646 2114 819 2180 ἀναυμαχῖου
839 2114 976 2180 ἐκαλεῖτο,
1001 2117 1040 2168 ὡς
1059 2114 1152 2168 Ἀνδο-

137 2199 215 2267 κῖδης
234 2201 255 2268 (1
275 2202 318 2267 74)
344 2201 431 2255 ὀὕτω
456 2203 486 2254 δέ
509 2204 550 2256 δεῖ
574 2205 618 2257 καί
641 2205 744 2257 αὐτοὺς
768 2206 812 2256 καί
835 2205 902 2257 τοὺς
926 2204 954 2257 έξ
977 2204 1072 2256 αὐτῶν
1096 2201 1152 2256 ἀτί-

139 2305 208 2353 μους
227 2291 297 2342 εῑναι
316 2308 331 2341 κ
352 2290 389 2343 ι’.
1117 2345 1118 2348 ,
1167 2301 1194 2344 20

210 2429 308 2484 Svms
328 2431 373 2497 (cf.
387 2430 441 2485 lex.
457 2431 482 2485 θ.
498 2432 588 2500 quint.
603 2450 630 2501 p.
646 2437 706 2499 213,
722 2435 778 2502 30)=
799 2433 1015 2501 ἀνδροληψῖα
1034 2435 1079 2486 καλ
1099 2434 1153 2487 ἀν-

138 2522 154 2573 δ
159 2521 338 2587 ρολήψιον·
359 2522 407 2574 ἐὰν
425 2524 478 2575 ἔξω
492 2525 544 2588 τῆς
558 2521 683 2589 Ἀττικῆς
697 2524 769 2588 ἀνὴρ
784 2522 928 2590 Ἀθηναῖος
943 2521 1081 2594 <βιαίως>
1097 2523 1153 2575 ἐτε-

138 2610 260 2677 λεύτηςε,
279 2612 324 2663 καὶ
343 2612 379 2676 μὴ
400 2610 554 2665 έξεδίδοςαν
574 2610 601 2663 οἱ
619 2611 649 2663 ἐν
668 2611 758 2680 ἐκείνῃ
777 2617 812 2679 τῇ
831 2613 918 2679 πόλει,
938 2612 968 2664 έν
986 2613 1003 2680 ᾗ
1023 2612 1056 2664 τὸ
1071 2613 1154 2688 ἔργον

139 2697 276 2764 ἐπράχθη,
299 2699 350 2751 τὸν
369 2701 507 2751 δοκοῦντα
526 2699 557 2751 ἐν
574 2705 609 2767 τῇ
629 2698 702 2768 αἰτίᾳ
721 2701 803 2766 εἶναι,
830 2701 926 2768 ἐφεῖτο
946 2701 977 2752 έκ
993 2706 1045 2754 τοθ
1064 2700 1153 2765 νόμου

138 2791 212 2852 τρεῖς
229 2791 288 2839 τῶν
307 2786 413 2840 ἐκείνου
433 2791 555 2840 πολιτῶν
574 2789 651 2852 ἄγειν
666 2788 694 2840 ἐς
709 2787 826 2854 Ἀθήνας
840 2789 919 2856 δίκην
934 2791 1089 2856 ὑφέξοντας
1102 2794 1153 2842 τοῦ
1169 2802 1195 2842 25

138 2875 243 2941 φόνου·
259 2877 304 2928 καί
317 2880 403 2929 τοῦτο
418 2876 607 2942 ἀνδρολήψιον
622 2877 754 2930 ἐκαλεῖτο.
782 2879 965 2944 Δημοςθένης
979 2879 1009 2930 έν
1023 2883 1064 2946 τῷ
1080 2879 1154 2931 Κατὰ

139 2962 365 3030 Ἀριςτοκράτους
384 2963 429 3032 (cf.
444 2969 581 3031 1111183)
603 2966 683 3032 ’πρὸς
703 2968 733 3020 δέ
752 2969 862 3021 τούτοις
876 2970 891 3020 δ
906 2967 1001 3034 νόμος,
1021 2967 1070 3020 ἐὰν
1085 2967 1154 3033 μήτε

139 3054 216 3107 δίκας
234 3055 381 3121 ὑπόςχωςι,
400 3053 466 3120 παρ’
484 3054 526 3108 οἷς
545 3057 579 3108 ἂν
596 3057 630 3109 τὸ
649 3056 739 3108 πάθος
751 3058 874 3124 γένηται,
895 3057 965 3122 μήτε
978 3058 1045 3110 τοὺς
1059 3058 1154 3122 δεδρα-

139 3142 223 3196 κότας
241 3143 379 3210 έκδιδιῖιςι,
406 3144 510 3197 κελεύει
534 3144 603 3198 κατά
626 3146 738 3198 τούτων
762 3147 831 3198 εἶναι
856 3147 934 3212 μέχρι
952 3151 1038 3212 τριῶν
1056 3147 1089 3198 τὸ
1109 3147 1154 3198 ἀν-

139 3231 313 3298 δρολήψιον’.
722 3251 725 3260 ι
1168 3246 1194 3285 3ο

210 3466 227 3514 4
246 3460 407 3529 ἀσθενήσας
424 3463 543 3536 Βολιλτυτ.
619 3469 651 3516 16
670 3467 760 3519 λιπεῖν
778 3463 896 3518 Bekker.
981 3471 1013 3518 1⁷
1033 3463 1070 3533 μὴ
1090 3463 1153 3516 add.

135 3532 310 3601 Bernhardy.
390 3540 422 3587 19
441 3535 557 3598 τούτους
576 3535 633 3591 ἔδει
652 3536 943 3590 eodieesAndocidis.
1025 3540 1058 3588 20
1077 3535 1154 3588 locus

138 3604 293 3658 Andocidis
313 3605 428 3660 mutilus
448 3610 498 3661 θεῖ.
572 3613 605 3661 22
625 3606 724 3679 βιαίως
742 3609 807 3662 add.
822 3607 973 3662 Wuensch.
