2666 3910
177 202 256 254 xxll
580 202 796 255 Paooafflvns

177 368 313 444 quaestio
341 368 518 428 difficillima
543 371 604 442 est,
632 389 759 444 quorum
787 371 941 428 auctorum
969 370 1040 429 libri
1062 372 1190 446 excerpt

177 459 246 516 sint.
294 455 395 517 Cuiuis
422 460 501 518 uitas
529 458 835 534 Pseudoplutsrcheas
862 459 974 536 legenti
1000 460 1193 519 manifestum

178 550 280 606 estex
307 547 354 607 his
379 548 512 607 fontibus
535 548 626 608 trisse
650 551 742 607 etiam
765 546 888 608 Caecilii
911 567 985 623 opus
1009 549 1044 608 de
1067 551 1193 609 oratori-

176 636 231 695 bus
250 635 360 696 Atticis
384 639 591 712 conscriptum.
631 638 815 697 Documento
839 640 885 698 est
906 638 994 697 huius
1017 639 1192 714 frequentis-

177 727 253 784 sima
276 728 401 800 mentio,
430 745 507 802 quae
525 729 673 803 imprimis
697 730 803 806 regnat
825 728 857 786 in
879 729 917 787 iis
940 727 1090 804 partibus,
1118 748 1194 804 quae

177 817 248 874 sunt
283 813 320 873 de
357 817 525 875 orationum
558 817 727 892 spuriarum
761 820 814 876 aut
846 819 1043 894 genuinamm
1072 837 1194 878 numero

137 907 139 911 ’
177 896 297 984 (freyen
315 906 367 964 oter
386 899 616 986 coartabatur)
641 909 765 981 atquae
784 908 917 966 tractant
939 909 1035 966 artem
1053 910 1084 966 et
1101 927 1194 986 genus

177 992 295 1052 dicendi
308 995 494 1073 singulorum
509 997 660 1055 oratorum
676 988 873 1074 (oesthaiscte
886 990 1089 1076 ceccaum).
1117 996 1194 1055 Item

177 1099 233 1158 pro
264 1085 346 1142 certo
376 1083 501 1143 babeam
533 1083 840 1160 Pseudopluterchum
873 1083 911 1144 ed
943 1083 1065 1144 Caecilii
1096 1088 1195 1162 ipsum

177 1165 289 1230 librum
313 1175 469 1232 accessisse
492 1177 535 1246 et,
564 1193 639 1248 quae
663 1175 730 1232 usui
754 1177 864 1247 essent,
893 1195 928 1233 ex
951 1194 984 1234 eo
1009 1175 1194 1251 excerpsisse.

177 1259 281 1338 Neque
310 1261 432 1320 dubium
461 1266 519 1335 est,
553 1265 625 1337 quin
653 1261 721 1322 aliis
749 1263 835 1337 locis,
867 1263 920 1322 ubi
943 1261 1066 1324 Caecilii
1089 1284 1195 1323 nomen

178 1369 238 1409 non
261 1351 446 1427 adscriptum
469 1356 522 1426 est,
545 1353 646 1410 tamen
669 1354 695 1412 is
718 1353 820 1411 rhetor
840 1353 873 1411 in
896 1373 980 1411 usum
1005 1357 1129 1412 uocatus
1147 1355 1194 1414 sit.
1291 1351 1293 1356 ‘

181 1439 239 1500 Sed
263 1441 425 1516 enucleare,
450 1462 524 1518 quae
543 1460 583 1499 -ex
607 1443 812 1501 consarcinato
830 1442 1096 1517 Pseudoplutarebi
1118 1443 1195 1502 libro

181 1529 219 1587 ad
239 1527 401 1588 Caecilium
420 1531 616 1606 probabiliter
633 1532 789 1590 referenda
812 1531 880 1604 sint,
903 1531 988 1589 labor
1010 1533 1195 1607 periculosae

179 1617 261 1676 aleae
286 1621 337 1677 est
385 1619 556 1680 Difficultas
582 1623 711 1698 augetur
737 1639 784 1693 eo,
813 1620 892 1696 quod
920 1623 1010 1678 etiam
1033 1621 1195 1696 Dionysius

177 1707 327 1766 laudatur.
373 1709 452 1766 Nam
479 1710 628 1769 interdum
656 1711 810 1785 utriusque
838 1708 1053 1786 discrepantias
1081 1709 1112 1768 in
1142 1730 1196 1770 nu-

177 1797 266 1855 meris
294 1800 492 1875 genuinarum
520 1802 550 1858 et
579 1801 748 1875 spuriarum
778 1799 949 1858 orationum
978 1801 1072 1857 notat.
1123 1799 1196 1859 Inde

179 1889 305 1962 apparet
333 1907 351 1946 a
379 1887 573 1963 compilatore
601 1891 692 1947 etiam
715 1889 895 1963 Dionysium
919 1889 1099 1964 exscriptum
1124 1907 1195 1948 ease.

179 1973 220 2033 Et
248 1975 305 2034 hoc
333 1996 450 2052 quoque
478 1973 612 2037 auctore
628 1979 660 2035 in
688 1977 805 2051 multis,
834 1996 913 2052 quae
940 1979 1059 2036 nomine
1087 1979 1196 2038 omisso

178 2065 258 2140 apud
277 2063 582 2141 Pseudoplutarchum
603 2067 752 2144 leguntur,
775 2069 800 2126 is
822 2084 891 2124 usus
912 2069 964 2124 est.
1001 2063 1107 2142 Neque
1124 2086 1196 2126 nero

177 2151 269 2211 uerba
301 2155 368 2230 ipsa
397 2153 519 2216 Caecilii
551 2159 603 2214 aut
635 2155 775 2231 Dionysii
807 2175 923 2230 semper
954 2157 1100 2230 seruauit,
1133 2158 1196 2214 siue

178 2243 306 2318 paucula
339 2245 440 2302 omisit
472 2245 535 2304 siue
567 2245 599 2302 in
628 2245 748 2304 breuius
780 2246 929 2303 contraxit
961 2246 1024 2304 siue
1056 2246 1196 2303 mutauit.

178 2329 260 2400 Quod
280 2352 352 2392 uero
371 2336 499 2392 maxime
518 2331 816 2393 animaduertendum
835 2335 888 2408 est,
907 2333 1196 2408 Pseudoplutarchus

177 2425 296 2497 praeter
314 2421 492 2498 Dionysium
511 2426 541 2482 et
560 2421 723 2482 Caecilium
742 2423 815 2483 alios
835 2425 931 2482 fontes
952 2422 1097 2496 adhibuit,
1116 2423 1196 2499 quod

178 2509 396 2570 Radermacher
420 2511 455 2570 de
474 2513 539 2571 uita
558 2511 701 2571 Dinarchi
724 2532 778 2587 pro
801 2515 880 2571 certo
905 2513 934 2570 et
957 2513 1020 2570 sine
1039 2512 1129 2572 dubio
1153 2513 1196 2571 af-

178 2597 318 2659 firmauit,
360 2599 403 2658 Hi
424 2603 525 2660 tamen
549 2603 646 2660 fontes
669 2603 756 2678 parui
779 2602 828 2660 uel
851 2601 963 2661 nullius
985 2604 1130 2660 momenti
1152 2604 1196 2661 ui·

179 2685 286 2747 dentur
313 2691 418 2765 furisse3
450 2711 510 2750 non
538 2710 556 2748 a
586 2711 656 2749 uero
685 2691 902 2763 aberrabimus,
932 2693 958 2749 si
986 2693 1150 2751 statuemus
1179 2710 1197 2748 a

179 2773 454 2854 Pseudoplutarcho
484 2780 575 2839 etiam
598 2776 882 2859 attemperabat
909 2779 1089 2839 editionibus
1112 2800 1196 2856 prae-

178 2865 270 2924 missa
294 2871 324 2926 et
347 2872 417 2928 ante
440 2869 619 2945 Dionysium
644 2871 811 2945 conscripta
835 2868 970 2927 adhibita
994 2889 1064 2929 esse.
1108 2867 1197 2928 Vide·
1318 2879 1321 2886 '

178 2974 245 3014 mus
268 2958 370 3035 igitur,
395 2961 508 3034 quanta
527 2959 706 3017 difficultate
725 2959 861 3018 laborare
880 2960 910 3017 et
929 2961 1043 3034 quanta
1061 2961 1198 3018 cautione

178 3045 225 3104 uti
252 3064 369 3105 necesse
396 3049 437 3106 sit
464 3049 505 3122 ei,
533 3049 586 3124 qui
610 3067 644 3107 ex
668 3048 725 3106 hec
747 3049 835 3106 ruina
858 3051 1073 3123 permixtarum
1096 3053 1197 3107 aucto·

179 3154 246 3192 rum
269 3135 455 3195 diuersorum
484 3141 514 3197 et
542 3137 673 3196 consiliis
699 3137 864 3213 disparium
888 3138 1103 3197 sententiarum
1127 3135 1197 3196 Cae·

181 3223 254 3282 cilii
275 3226 405 3303 uestigia
438 3245 596 3304 agnoscere
630 3227 756 3286 studeat.
803 3227 872 3285 Alia
905 3226 1057 3284 accedunt.
1103 3225 1198 3286 Valde

181 3313 428 3373 considerandum
448 3319 492 3375 est
520 3318 672 3375 oratorum
700 3318 779 3398 nitas
807 3317 896 3389 talea,
925 3316 1028 3391 quales
1052 3313 1198 3376 Caecilius

180 3405 407 3480 conscripserat,
436 3425 453 3464 a
481 3405 552 3464 uitis
575 3405 767 3482 Dionysianis
795 3425 855 3464 non
882 3405 977 3464 multo
1005 3403 1121 3464 differre
1146 3423 1198 3480 po·

181 3493 284 3567 tuisse,
307 3512 374 3553 curn
394 3494 541 3554 Caecilius
565 3499 596 3554 et
614 3491 778 3571 Dionysius
800 3495 930 3570 plurima
954 3513 972 3552 a
995 3493 1201 3554 communibus

180 3581 328 3657 fontibus,
355 3585 469 3643 scilicet
492 3585 531 3644 ab
552 3584 716 3661 Hermippo
745 3585 825 3658 aliie,
853 3585 986 3643 mutuati
1010 3585 1085 3658 sint,
1108 3603 1199 3660 quam
