2666 3912
186 214 227 278 76
546 218 578 267 V.
599 217 685 266 ΠΕΡΙ
704 217 837 266 ΤΨΟΤΣ

221 374 377 446 σχήματι,
405 379 447 446 τῷ
471 373 647 446 βλέμματι,
675 381 713 444 τῇ
738 374 857 444 φωνῇ’.
896 377 934 442 (2)
953 370 1013 429 εἷθ’
1034 373 1083 429 ἴνα
1101 374 1137 443 μὴ
1157 375 1204 430 έπλ

220 472 274 517 τῶν
298 464 391 518 αύτῶν
417 461 432 516 ὁ
455 463 537 532 λόγος
560 464 611 518 ίὼν
634 470 683 533 στῇ
709 461 749 531 (ἐν
773 462 866 518 στάσει
889 462 943 533 γάρ
962 464 994 518 τὸ
1013 464 1148 533 ἠρεμοῦν,
1174 463 1204 517 έν

220 551 322 626 ἀταξίᾳ
341 551 372 608 δὲ
390 552 422 606 τὸ
441 552 552 617 πάθος,
575 553 636 607 ἐπεὶ
655 551 731 620 φορά
749 559 845 623 ψυχῆς
862 553 911 606 καί
930 549 1092 622 σνγκίνησίς
1109 553 1204 621 ἐστιν),

221 642 328 702 εὐθύς
346 639 396 695 ἐπ’
415 641 496 695 άλλα
514 639 686 710 μεθήλατο
706 641 876 695 ἀσύνδετα
893 642 951 695 καί
966 640 1202 710 έπαναφοράς·

160 769 165 783 .
224 731 283 802 ’τῷ
305 728 463 801 σχήματι,
486 733 529 803 τῷ
549 728 726 801 βλέμματι,
747 737 786 800 τῇ
805 738 915 800 φωνῇ,
939 726 1020 785 ὅταν
1044 731 1085 794 ὡς
1108 728 1204 802 ύβρί-

222 823 297 884 ζων,
321 817 403 872 ὅταν
422 819 464 880 ὡς
483 816 621 888 ἐχθρός,
646 816 727 873 ὅταν
745 818 941 886 κονδύλοις,
966 816 1047 873 ὅταν
1066 819 1108 882 ὡς
1127 820 1204 872 δοῦ-

222 908 304 961 λον’.
343 907 427 964 οὐδὲν
455 908 520 962 ἀλλο
549 907 598 963 διὰ
626 907 731 960 τούτων
757 905 772 961 ὃ
798 903 888 974 βήτωρ
914 905 932 975 ἢ
958 905 1027 975 ὅπερ
1053 906 1068 961 ὁ
1093 907 1206 962 τύπτων

223 995 378 1065 ἐργάζεται,
401 997 453 1066 τὴν
476 996 608 1050 διάνοιαν
631 1004 687 1050 τῶν
711 999 849 1050 δικαστῶν
872 1004 906 1066 τῇ
930 994 1071 1069 έπαλλήλφ
1094 994 1206 1063 πλήττει

223 1089 307 1159 φορᾷ.
344 1087 381 1154 (³)
400 1081 451 1140 εἶτ’
469 1085 603 1140 ἐντεῦθεν
616 1084 702 1138 πάλιν
721 1086 758 1146 ὡς
776 1085 806 1138 αλ
825 1083 985 1154 καταιγίδες
1003 1085 1088 1154 ἀλλην
1107 1085 1205 1138 ποιού-

225 1173 462 1244 μενοςΙέμβολήν
501 1171 598 1229 “ύταν
631 1173 826 1240 κονδύλοις,
864 1172 945 1229 ὅταν
978 1174 1032 1229 ἐπὶ
1064 1172 1203 1242 κύρρης’

224 1259 330 1332 φησί·Δ
355 1265 477 1316 ’ταῦτα
505 1271 609 1328 κινεῖ,
645 1272 751 1316 ταῦτα
771 1259 945 1332 ἐξίστησιν
986 1264 1206 1330 ἀνθρώπους,

223 1351 347 1418 ἀήθεις
367 1350 467 1414 ὄντας
485 1359 544 1406 τοῦ
560 1349 894 1421 προπηλακίζεσθαι·
916 1352 1032 1414 ούδελς
1046 1349 1087 1406 διν
1100 1360 1206 1406 ταῦτα

224 1439 444 1511 ἀπαγγέλλων
473 1440 616 1496 δύναιτο
645 1440 680 1494 τὸ
709 1441 827 1495 δεινὸν
852 1441 1096 1509 παραστῆσαι’.
1141 1442 1206 1495 ούκ-

224 1539 275 1585 οῦν
300 1531 351 1600 τὴν
377 1529 427 1600 μέν
458 1530 636 1598 φύσιντῶν
663 1529 893 1598 έπαναφορῶν
923 1529 982 1583 καί
1011 1529 1206 1585 ἀσυνθέτων

150 1634 175 1674 15
224 1617 316 1688 πάντη
336 1617 468 1687 φυλάττει
486 1626 520 1688 τῇ
540 1627 652 1689 συνεχεῖ
668 1619 817 1690 μεταβολῇ·
837 1617 926 1680 οὕτως
943 1619 1082 1692 αὐτῷκαὶ
1099 1617 1207 1686 ἡτάξις

224 1707 347 1762 άτακτον
379 1709 428 1762 καί
456 1708 573 1776 ἔμπαλιν
602 1705 619 1774 ἡ
648 1705 748 1772 ἀταξία
776 1705 864 1761 ποιάν
890 1705 1090 1778 περιλαμβάνει
1117 1706 1205 1771 τάξιν.

119 1805 175 1850 XXI
190 1799 227 1865 (1)
247 1796 328 1866 φέρε
348 1794 422 1864 σύν,
445 1795 598 1865 πρόσθες
616 1797 695 1856 τούς
718 1795 942 1863 συνδέσμους,
966 1796 996 1849 ελ
1015 1794 1141 1861 θέλεις,
1166 1796 1208 1860 ὡς

188 1894 350 1942 ποιοῦσιν
364 1886 396 1941 οί
409 1883 631 1954 Ἰσοκράτειον
647 1885 721 1938 *καί
736 1884 800 1954 μὴν
814 1883 894 1940 οὐδὲ
909 1892 1008 1940 τοῦτο
1022 1883 1083 1955 χρὴ
1098 1903 1207 1952 παρα-

190 1979 317 2042 λιπεῖν,
342 1977 383 2039 ὡς
405 1974 511 2029 πολλὰ
535 1972 576 2029 άν
594 1973 773 2040 ποιήσειεν
792 1973 806 2028 ὁ
825 1973 971 2039 τύπτων,
997 1975 1207 2042 πρῶτονμὲν

150 2068 233 2137 κυτῷ
251 2064 410 2135 σχήματι,
429 2060 503 2119 είτα
522 2063 558 2119 δέ
576 2067 620 2136 τῷ
642 2061 818 2134 βλέμματι,
837 2058 910 2115 είτά
929 2081 963 2131 γε
982 2062 1046 2132 μὴν
1066 2062 1149 2133 αὐτῇ
1168 2069 1206 2132 τῇ

190 2155 310 2223 φωνῇ’,
334 2155 391 2207 καλ
415 2152 487 2223 είση
512 2151 597 2206 κατὰ
620 2155 655 2205 τὸ
676 2152 752 2220 ἑξῆς
770 2150 875 2212 ούτως
893 2149 1143 2220 παραγράφων,
1166 2151 1208 2214 ὡς

190 2249 249 2296 τοῦ
268 2241 405 2305 πάθους
423 2242 458 2295 τὸ
478 2239 777 2311 συνδεδιωγμένον
791 2241 849 2293 καί
863 2238 1208 2311 ἀποτραχυνύμενον,

191 2331 251 2385 ἐὰν
276 2340 349 2393 τοῖς
374 2329 577 2398 συνδέσμοις
603 2328 807 2401 έξομαλίσης
833 2329 882 2390 είς
908 2326 1080 2397 λειότητα,
1108 2327 1208 2382 άκεν-

190 2416 270 2487 τρόν
287 2439 321 2473 τε
339 2418 548 2487 προσπίπτει
567 2420 624 2472 καλ
643 2419 748 2481 εὐθὺς
767 2419 931 2490 ἔσβεσται.
961 2420 999 2486 (2)
1016 2415 1126 2485 ὥσπερ
1145 2419 1207 2486 γὰρ

153 2509 227 2564 εσεί
246 2528 298 2572 τις
323 2507 503 2575 συνδησειε
526 2516 591 2561 τῶν
615 2505 769 2563 θεόντων
791 2508 831 2562 τά
855 2508 989 2576 σώματα
1012 2506 1072 2574 τὴν
1097 2505 1209 2574 φορὰν

192 2599 302 2652 αύτῶν
328 2595 648 2668 ἀφῄρηται,·ούτως
673 2597 730 2651 καλ
755 2597 790 2650 τὸ
814 2594 929 2657 πάθος
951 2595 1015 2649 ὑπὸ
1039 2603 1104 2648 τῶν
1128 2611 1208 2648 συν-

191 2687 322 2757 δέσμων
356 2687 413 2740 καί
445 2693 509 2740 τῶν
546 2685 653 2740 άλλων
690 2689 901 2754 προσθηκῶν
938 2679 1209 2753 έμποδιζύμενον

193 2777 391 2845 ἀγανακτεῖ1
417 2773 476 2843 τὴν
500 2774 562 2844 γάρ
587 2772 791 2842 ἐλευθερίαν
815 2771 978 2827 ἀπολλύει
1000 2780 1060 2826 τοῦ
1080 2767 1209 2839 δρόμου

111 2909 180 2954 XXII
194 2866 251 2918 καὶ
269 2865 305 2918 τὸ
325 2865 367 2926 ὡς
385 2861 441 2918 ἀπ’
462 2863 613 2933 ὀργάνου
631 2864 727 2924 τινὸς
745 2860 922 2931 ἀφίεσθαι.

59 2971 181 3034 ὑπιρματε
267 2955 304 3023 (1)
321 2958 372 3021 τῆ(
396 2956 427 3008 δέ
450 2956 537 3021 αὐτῆ(
560 2953 635 3007 ἰδέα(
658 2956 702 3006 καὶ
725 2954 761 3006 τὰ
784 2952 926 3019 ὑπερβατὰ
945 2952 1050 3006 θετέον.
1088 2953 1159 3004 ἔετιν
1179 2950 1209 3002 δέ

153 3057 179 3096 ει
193 3044 294 3097 λέξεων
318 3046 335 3109 ἢ
359 3043 484 3109 νοήεεων
503 3044 534 3096 ἑκ
552 3048 603 3096 τοῦ
623 3043 684 3096 κατ’
702 3042 869 3096 ἀκολουθίαν
889 3042 1052 3107 κεκινημένη
1071 3039 1146 3093 τάξι(
1165 3041 1210 3091 καὶ

193 3132 278 3185 οἱονεὶ
293 3150 308 3183 ν
324 3134 465 3199 χαρακτὴρ
485 3132 638 3196 ἐναγωνίου
657 3132 765 3184 πάθον(
783 3130 976 3196 ἀληθέστατος.
1009 3131 1047 3182 ὼ(
1061 3129 1114 3194 γὰρ
1129 3126 1155 3181 οἱ
1168 3133 1210 3196 τῷ

266 3279 343 3327 5-6.
364 3278 467 3326 10-11
487 3272 554 3326 uide
573 3270 637 3324 adn.
659 3271 695 3325 ad
713 3271 745 3326 fr.
768 3273 830 3326 71b.

267 3457 299 3504 17
314 3450 411 3513 θέλοις
428 3451 500 3505 liber
518 3450 573 3520 (P),
597 3450 691 3512 θέλεις
708 3449 775 3503 libri
793 3449 953 3504 deteriores.
1027 3452 1061 3500 28
1079 3445 1212 3500 ἀπολλύει

194 3522 315 3588 ffinckh,
345 3522 461 3577 ἀπολύει
487 3522 567 3576 liber.
641 3527 674 3575 32
696 3523 761 3590 post
788 3520 876 3574 οἱονεί
904 3518 1045 3572 defectum
1072 3516 1211 3570 indicauit

194 3593 304 3648 Vahlen
328 3595 450 3661 ‚auctore
467 3592 697 3647 Wilamowitzio:
718 3591 797 3645 deest
816 3591 935 3644 alterum
953 3605 1056 3643 nomen
1074 3590 1104 3643 et
1121 3590 1212 3641 trans·
