2666 3912
129 250 190 301 VII.
209 250 298 300 ΠΕΡΙ
314 249 390 300 ΤΟΤ
408 250 649 300 ΧΑΡΑΚΤΗΡΟΣ
667 249 742 300 ΤΩΝ
760 251 855 300 ΔΕΚΑ
872 250 1044 301 ΡΗΤΟΡΩΝ
1078 247 1140 312 107

128 409 311 476 καθαρότητι,
330 409 436 475 πολλήν
453 425 485 462 τε
504 409 659 474 ἐπιμέλειαν
678 412 740 476 περί
757 411 811 476 τὴν
830 409 958 477 ἑργαιίαν
976 415 1035 463 τῶν
1053 410 1147 474 λόγων

127 498 321 564 ἐπιδείκνυται,
341 500 411 551 ὥστε
431 501 475 551 καί
495 497 532 552 εἰ(
550 499 681 565 περιττὸν
700 500 778 566 αὐτῷ
798 499 965 553 διεκπίπτειν
978 499 1029 552 τὸν
1044 500 1147 565 κὸτμον

128 588 225 640 καὶτὸ
244 588 376 653 ἐπιμελές.
415 590 459 640 καί
482 588 552 640 αὐτὸ
576 588 607 640 δὲ
629 588 663 640 τὸ
686 591 738 654 τῆ(
762 588 887 654 ἐργασία(
908 588 1063 643 πλεονάζον
1081 588 1148 655 παρ’

128 676 206 743 αὐτῷ
231 677 264 728 οὺ
287 677 321 729 τὸ
345 677 460 742 γόνιμον
485 679 588 742 μᾶλλον
610 681 670 729 τῶν
694 677 915 744 ἐπιχειρημάτων
938 679 955 743 ἢ
979 677 1012 730 τὸ
1037 678 1147 744 ἀπειρό·

17 761 21 772 ⁴
128 766 213 816 καλον
231 769 356 833 παριστᾷ.
389 766 458 830 ῆθοε
476 766 508 818 δὲ
527 768 571 818 καί
590 765 705 831 ἀλήθεια
724 768 769 818 καί
786 766 925 832 γοργὸτηε
942 766 1009 819 οὐδὲ
1023 767 1146 831 μέτεστιν
1174 779 1186 819 σ

128 853 214 920 αὐτῷ.
249 854 382 918 μεγέθουε
401 855 431 906 δὲ
448 855 526 922 αὐτῷ
541 855 606 907 δεον
621 853 659 906 εἰ(
672 854 724 907 τὸν
738 855 879 907 πολιτικὸν
893 855 1038 921 ἐναρμόζει
1052 856 1145 920 λόγον,

128 941 223 1006 ιίριετα
243 944 287 994 καί
305 942 502 1008 παραπληείωε
521 944 650 1009 κέκραται
668 949 702 1010 τῇ
719 943 862 1012 σαφηνείᾳ.
896 944 997 997 ἄτονοε
1016 945 1046 996 δὲ
1061 945 1146 996 πλέον

126 1034 178 1082 τοῦ
198 1031 313 1083 δέοντο(
331 1031 346 1082 ὁ
366 1031 457 1094 λόγοε.
495 1032 547 1096 οὐχ
565 1033 662 1096 ἥκιετα
681 1033 711 1084 δὲ
731 1033 818 1085 αὐτοῦ
838 1031 1030 1098 (μικρολογίαν
1049 1033 1146 1085 καὶτὸ

127 1119 278 1185 προεκορέε
296 1123 355 1172 τῶν
373 1121 552 1186 παρισώσεων
571 1119 729 1174 αἰτιᾶται.

199 1223 234 1278 cf.
253 1225 429 1293 prooemium
446 1243 473 1294 p.
493 1233 600 1280 XXVIII.

176 1377 268 1444 ί124
289 1383 491 1439 Hmocnfflo'
510 1403 531 1438 s.
559 1401 586 1438 u.
616 1385 735 1448 ἐπακτὸς
763 1381 846 1452 ὅρκος
872 1403 899 1455 ρ.
921 1391 1021 1453 119,5
1047 1386 1144 1441 Dind.:
1160 1402 1186 1440 10

128 1517 156 1528 ..
176 1472 282 1537 Λυσίας
305 1476 336 1529 ἐν
358 1479 397 1548 τῷ
422 1475 499 1542 Πρὸς
517 1473 724 1542 Χαιρέστρατον
747 1475 796 1528 καὶ
814 1472 1012 1545 Ἰσοκράτης
1034 1472 1146 1530 Ἀποί-

126 1563 294 1632 λωνιάτης
316 1563 361 1633 (cf.
382 1563 435 1616 ΟΑ
454 1569 547 1618 11245
567 1564 642 1632 Tur.)
671 1565 706 1618 ἐν
732 1573 807 1626 ταῖς
833 1564 923 1631 Πρὸς
948 1561 1146 1634 Δημόνικον

15 1701 19 1712 ,
126 1651 381 1719 παραινέσεσιν.

198 1759 451 1828 Ηιιτροαιαλίοιιοια
465 1759 511 1814 hic
522 1757 644 1814 Caecilio
658 1761 772 1814 auctore
786 1759 840 1813 niti
850 1760 936 1813 Buss
946 1759 964 1814 l.
976 1777 998 1813 ο.
1013 1768 1036 1814 II
1045 1779 1072 1828 p.
1085 1765 1145 1826 104,

125 1866 154 1917 p.
170 1853 230 1915 281,
244 1867 273 1917 p.
289 1853 375 1916 281,1
392 1849 520 1903 coniecit.
545 1849 665 1903 eandem
679 1849 748 1902 artis
763 1848 878 1903 criticae
892 1848 1031 1903 rationem
1046 1865 1063 1902 a
1077 1847 1146 1902 Cae-

126 1936 192 1991 cilio
217 1935 286 1990 alibi
309 1953 421 2006 quoque
444 1937 603 1991 adhibitam
627 1954 688 1993 esse
711 1953 745 1991 ex
767 1937 926 2009 fragmento
948 1944 996 1991 127
1017 1940 1144 2007 apparet.

126 2023 281 2081 Caecilium
298 2026 407 2080 fontem
425 2043 484 2081 esse
501 2029 590 2097 negat
607 2027 638 2080 E.
653 2027 763 2097 Drerup
777 2027 807 2080 in
822 2026 953 2082 Isocratis
968 2027 1034 2083 edit.
1054 2027 1110 2082 uol.
1125 2037 1144 2082 I.

128 2120 196 2170 ιοοο
216 2123 407 2184 p.Ixxxv111.

532 2369 586 2432 Β.
617 2374 739 2445 Ισαῖος

196 2498 262 2565 125
285 2510 321 2576 (u.
343 2512 446 2560 19-22
466 2534 500 2552 =
522 2513 553 2560 11
572 2507 613 2574 B.)
631 2507 676 2560 Ps.
695 2508 872 2562 anmcuvs
892 2509 927 2563 de
944 2507 1014 2562 uitis
1032 2516 1055 2562 X
1074 2511 1144 2562 orat.

124 2615 153 2666 p.
173 2596 249 2648 839f
266 2622 299 2641 =
318 2596 413 2659 Ιιαοιιιι
431 2614 459 2665 p.
478 2604 555 2650 XXII
573 2595 674 2649 Thalh.
702 2596 748 2666 (cf.
771 2597 890 2651 Photius
913 2595 982 2652 bibl.
1007 2597 1067 2651 cod.
1091 2603 1185 2652 26315

125 2703 154 2754 p.
169 2689 235 2739 490·
245 2687 301 2754 28):
322 2687 498 2752 καθηγήσατο
518 2688 548 2739 δέ
563 2688 762 2752 Δημοτθένουε
780 2688 901 2740 ἀποετὰε
916 2691 967 2754 τῆ(
982 2690 1081 2754 σχολὴ(
1100 2688 1144 2741 ἐπὶ

126 2777 260 2841 δραχμαῖς
275 2773 389 2842 μυρίαις,
405 2776 448 2828 διὸ
463 2778 507 2828 καί
522 2776 636 2841 μάλιστα
651 2776 790 2843 ἐπιφανὴε
805 2775 923 2839 ἐγένετο.
955 2777 1040 2829 αὐτὸ(
1054 2777 1085 2829 δὲ
1099 2779 1144 2829 καί

125 2866 193 2917 τοὺ(
205 2864 400 2930 ἑπιτροπικοὺε
409 2865 510 2928 λόγου(
521 2866 668 2918 συνέταττε
677 2869 718 2932 τῷ
730 2865 909 2931 Δημοεθὲνει,
924 2865 964 2918 ὥ(
972 2881 1045 2917 τινε(
1055 2866 1143 2920 εἶπον.

199 2954 377 3006 καταλέλοιπε
400 2954 431 3006 δὲ
454 2955 555 3017 λόγου(
579 2954 715 3020 ἑξήκοντα
732 2955 875 3021 τέτταρσι,
903 2955 943 3007 ὡν
968 2953 1015 3007 εἰει
1038 2955 1144 3021 γνήσιοι

125 3042 309 3108 πεντήκοντα,
329 3045 373 3095 καί
392 3041 462 3096 ἰδία(
479 3044 586 3108 τέχναε,
618 3048 732 3110 πρῶτος
748 3045 778 3097 δέ
793 3046 838 3096 καί
852 3043 1025 3111 σχηματίζειν
1039 3045 1143 3110 ἤρξατο
1158 3055 1184 3094 νο

126 3134 171 3183 καί
188 3132 299 3198 τρέπειν
318 3131 363 3184 ἐπί
380 3133 413 3184 τὸ
432 3133 573 3186 πολιτικὸν
590 3135 644 3199 τὴν
664 3133 801 3200 διάνοιαν,
828 3133 843 3186 ὃ
863 3133 976 3198 μάλιστα
996 3131 1144 3199 μεμίμηται

126 3221 315 3287 Δημοτθένηε.

199 3331 303 3378 1‘1—18
322 3325 413 3380 fusius
432 3329 578 3381 exsecutus
597 3329 640 3381 est
658 3326 802 3394 Isthmius,
820 3327 888 3381 uide
906 3327 940 3382 fr.
961 3332 1012 3381 126
1020 3345 1045 3380 α.

199 3419 303 3468 16-18
321 3415 419 3486 tetigit
437 3415 494 3469 Lao
513 3415 531 3468 1.
552 3434 572 3469 s.
591 3434 618 3484 p.
639 3421 685 3483 333
713 3417 760 3469 hic
779 3432 890 3484 quoque
909 3414 1063 3471 Caecilium
1081 3415 1143 3469 son-

146 3563 213 3680 &2⁸²
233 3557 309 3680 αῃίίτῷ
324 3559 356 3625 Α,
375 3563 413 3632 τῷ
427 3558 505 3627 uulg.
579 3563 603 3611 ὅ.
620 3563 634 3610 6
654 3557 777 3627 μέτεστιν
791 3559 867 3632 αὐτῷ
881 3559 914 3627 Α,
934 3558 1057 3628 μέτεστιν
1071 3555 1140 3625 παρ’

124 3649 144 3680 α
179 3649 201 3700 ῳ
219 3645 239 3680 ιι
271 3646 297 3698 g.
