2666 3910
445 221 494 302 IIJ.
515 221 639 270 TEXNH
658 220 842 270 PHTOPIKH
1108 215 1149 279 31

134 397 225 447 τηειν,
251 379 279 446 *ἢ
300 380 456 446 φθόταντεε
480 379 630 445 ἐρωτῶμεν
652 378 775 444 αὐτούε’,
800 378 817 430 ἃ
841 379 922 446 ῥᾲδιά
946 379 1017 432 ἐετιν
1041 377 1152 444 ἀποκρί-

134 473 240 536 νασθαι,
260 467 321 522 οἷον
341 469 453 522 ἐπειδὰν
473 469 564 537 ἐρωτᾷ
584 485 624 535 με,
643 467 670 521 τί
689 465 767 538 (ἂν)
788 468 914 534 ἐποίησα·
943 467 1006 520 εοιίκ
1025 468 1060 520 ἂν
1078 468 1152 534 τόδε,

135 559 204 612 ἀλλὰ
223 557 310 624 τόδε’,
333 557 395 610 οἷον
420 556 483 610 ὀὐκ
507 559 542 609 ἂν
565 557 776 622 ἐσυκοφάντουν
798 559 865 610 τοὺ(
888 556 999 624 φίλουε,
1023 555 1083 609 ἀλλ’
1101 555 1153 622 εἰρ-

135 647 283 713 γαζόμην’.

208 735 270 789 Ἐὰν
290 738 320 789 δὲ
340 738 492 800 ἀναγκαῖον
511 738 528 804 ή
547 737 661 789 πάντωε
679 735 889 802 ἀποκρίνασθαι,
910 733 1000 788 αἰτίαν
1018 734 1080 787 τινὰ
1099 735 1151 799 χρή
1180 747 1193 786 5

135 827 310 891 προστιθέναι
341 831 376 893 τῇ
405 825 556 892 ἀποκρίσει,
590 825 651 878 οἷον
679 827 717 877 ιλιτ
746 823 892 890 Ὑπερίδηε
920 825 1069 890 ἐρωτηθείτ
1097 823 1152 875 ὑπὸ

137 913 381 981 Ἀριετογείτονοε,
406 913 429 967 εἰ
453 916 559 981 ἔγραφε
582 916 650 967 τοὺε
669 914 787 966 δούλου(
806 914 969 979 ἐλευθέρου(
988 913 1071 978 είναι,
1096 913 1151 977 ἐφη

137 1001 180 1070 (fr.
195 1006 238 1053 27.
254 1005 287 1054 28
303 1001 368 1071 Bw)
390 1002 447 1056 ‘ivn
467 1005 503 1068 μή
524 1003 550 1055 οἱ
569 1003 708 1069 ἐλεύθεροι
727 1001 899 1055 δουλεύωτι’.

207 1092 248 1145 Τά
271 1108 302 1155 γε
327 1094 382 1157 μήν
405 1092 546 1158 ἀμφίβολα
570 1091 631 1145 οἷον
653 1093 686 1144 τό
713 1091 761 1160 ’πῂ
787 1093 836 1155 μὲν
856 1093 974 1157 ἔπραξα,
997 1091 1035 1157 πή
1056 1090 1086 1142 δὲ
1106 1088 1151 1140 οὔ’

137 1181 274 1236 ἐξαπλοῡν
297 1186 338 1249 τῷ
362 1183 437 1250 λόγῳ
461 1185 506 1234 καὶ
529 1181 579 1234 τὰ(
603 1180 691 1234 αίτίοιε
713 1182 900 1247 προστιθέναι,
926 1178 987 1232 οἷον
1008 1178 1084 1231 ετόδε
1104 1178 1154 1241 μὲν
1168 1192 1194 1230 ιο

137 1272 241 1336 ἔπραξα
261 1272 305 1323 διὰ
323 1269 410 1338 τόδε’,
430 1273 475 1323 καὶ
495 1272 567 1323 ὅλωε
585 1272 635 1324 τὰ(
655 1270 838 1336 βραχυλογία(
857 1272 901 1322 καί
921 1267 1068 1333 συντομία(
1086 1283 1153 1332 παρ-

137 1361 244 1424 έχεσθαι
264 1360 308 1413 ἐπί
326 1366 386 1413 τω(
405 1360 567 1427 ἀποκρίτεει,
587 1364 605 1424 †
624 1361 659 1412 τὰ
679 1361 708 1412 δέ
727 1361 938 1426 προεδιοριεμοιλ
957 1357 1103 1424 φευκτέον.

209 1447 238 1501 Εί
264 1450 295 1501 δέ
320 1448 358 1502 εἰ(
385 1449 511 1502 ἐναντίον
536 1451 554 1515 ή
582 1450 713 1515 ἐρώτηειτ
739 1450 851 1514 ἀπάγει,
878 1450 932 1512 τήν
957 1447 1032 1499 λύειν
1058 1445 1154 1511 φέρειν

137 1538 190 1603 χρή
214 1540 278 1602 ήτοι
300 1539 354 1603 πρὸ
378 1542 430 1590 τοῦ
450 1539 578 1591 ἐπιόντοε
596 1537 776 1604 ἐρωτήματοτ
795 1539 812 1604 ἢ
833 1538 928 1589 ἁπλῶε
946 1537 1001 1602 πρό
1020 1539 1071 1587 τοῦ
1091 1550 1154 1599 ευμ-

137 1629 311 1692 περανθήναι
328 1628 379 1679 τόν
399 1629 577 1692 ευλλογιτμὸν
594 1632 635 1694 τῷ
655 1627 809 1693 ἐρωτῶντι·
830 1627 926 1691 σχεδόν
944 1626 997 1691 γὰρ
1017 1625 1069 1677 οὐκ
1088 1624 1195 1688 (ibn-15

138 1717 187 1767 λον
206 1716 289 1768 εὐθὺ(
308 1717 480 1782 ἐρωτῶντοε,
500 1719 542 1769 ὅτι
562 1717 689 1781 βούλεται
708 1718 723 1768 ὁ
743 1716 837 1780 λόγοι·
858 1717 928 1768 ὥττε
943 1715 1088 1781 φθάσαντα
1101 1714 1154 1778 τήν

139 1802 230 1856 αἰτίαν
249 1805 414 1872 ἐπενεγκεῖν,
433 1805 450 1870 ἣ
471 1806 618 1871 ἀφαιρήσει
636 1806 687 1857 τόν
705 1805 802 1857 τόπον.

210 1893 282 1945 Ἔετι
309 1895 339 1946 δέ
364 1897 409 1946 καί
433 1900 474 1962 τῷ
501 1895 704 1961 (υμπεράεματι
729 1895 768 1946 ώε
794 1893 952 1959 ἐρωτήματι
977 1895 1091 1958 χρῆσθαι
1118 1892 1154 1956 μή

138 1983 389 2050 προεποιούμενον,
414 1985 457 2036 ότι
480 1985 495 2036 ό
520 1984 635 2050 ἐρωτῶν
659 1985 836 2049 ευμπὲραεμα
859 1981 1013 2046 ἐπήγαγεν,
1039 1980 1099 2033 ἀλλ’
1117 1980 1155 2032 ὡ(

138 2072 208 2136 πρό(
226 2072 276 2124 τὰ(
295 2073 379 2124 ἄλλα(
396 2073 541 2138 προτάσει(
560 2072 757 2138 ἀποκρίνασθαι
776 2074 820 2124 καί
839 2072 909 2138 πρὸ(
926 2071 960 2123 τό
977 2070 1155 2135 ευμπέραεμα
1170 2082 1195 2120 νο

140 2162 178 2213 ὼε
198 2161 369 2226 ἐρωτῶντοε.

211 2249 269 2302 Ἔτι
293 2251 553 2316 ἀπομνημονεύουσι
576 2253 638 2316 περὶ
661 2255 712 2302 τοῦ
735 2254 786 2316 τήτ
810 2249 940 2315 ἐφορείας
966 2247 1154 2312 εὐθυνομένου

140 2339 284 2392 Λάκωνοε·
309 2339 477 2392 ἑαλωκότων
496 2341 536 2392 ἔτι
554 2345 613 2392 τῶν
632 2340 827 2405 ευναρχόντων
847 2337 1008 2404 ἐρωτηθείς,
1032 2334 1055 2387 εί
1075 2334 1155 2399 δοκή-

141 2444 179 2480 εει
192 2431 211 2492 †
225 2427 338 2481 δικαίωε
354 2429 357 2494 Ι
375 2428 537 2494 ἀπήχθησαν
556 2428 582 2481 οἱ
601 2431 708 2494 ἔφοροι,
728 2429 797 2494 ἔφη·
816 2428 898 2480 πάλιν
918 2428 948 2479 δὲ
963 2427 1155 2479 ἀναπυνθανο-
1170 2421 1261 2475 33413.

142 2517 242 2583 μένων,
262 2515 286 2568 εί
299 2520 350 2581 πή(
364 2517 491 2582 πράξεωε
505 2519 707 2583 κεκοινώνηκεν
722 2518 825 2582 αὐτοῖε,
842 2513 1063 2580 ’κεκοινώνηκαὶ
1099 2511 1156 2564 “οιἰ-
1171 2524 1196 2564 νσ

141 2604 220 2659 κουν’
246 2605 388 2669 λεγόντων
413 2605 467 2658 ίκαί
492 2607 522 2659 τὺ
547 2606 659 2659 δικαίωε
682 2606 717 2657 ἂν
737 2604 876 2668 ἀπόλοιο;’
904 2603 950 2656 *οὐ
970 2601 1062 2668 δήτο’,
1086 2603 1155 2667 ἔφη·

143 2693 181 2746 ὀί
205 2695 255 2759 μὲν
277 2694 331 2760 γὰρ
354 2694 483 2760 χρήματα
502 2695 689 2760 λαμβάνοντε(
707 2699 797 2747 ταῦτα
817 2695 951 2760 ἔπραξαν,
976 2693 1032 2756 ἐγὼ
1052 2692 1082 2743 δὲ
1102 2692 1156 2743 ἀπὸ

140 2781 276 2849 γνώμηε’.
321 2785 366 2848 μή
386 2783 592 2850 προεποιηθείτ,
621 2785 664 2836 ότι
693 2784 870 2848 ευμπέραεμα
898 2781 1051 2846 ἐπήγαγεν,
1080 2781 1157 2832 ἐλυτε

143 2874 186 2925 καί
210 2874 327 2935 λογικῶε
349 2873 400 2924 τὸν
424 2872 609 2936 ευλλογιεμόν.
648 2873 714 2925 ὅθεν
737 2874 782 2924 καί
804 2872 837 2923 τὸ
862 2871 932 2924 αὐτὸ
956 2876 1014 2923 τοῑε
1033 2869 1156 2935 ἐρωτῶει

215 3034 284 3082 1-8
303 3029 337 3082 cf.
353 3029 386 3082 fr.
402 3032 459 3085 σοι
473 3048 500 3098 p.
515 3036 557 3096 ιι,
574 3036 652 3083 3—8.

215 3249 231 3297 2
255 3240 292 3297 όιν
317 3244 381 3296 ιιιίιί.
407 3243 535 3312 Spengel.
610 3251 624 3296 3
652 3245 703 3298 οὐκ
729 3241 765 3298 ἂν
791 3242 1002 3312 ἐσυκοφάντουν
1027 3239 1157 3310 Spengel,

144 3315 356 3382 ἐσυκοφάντουν
375 3316 426 3369 οόκ
445 3312 482 3369 ἂν
500 3315 530 3369 Ρ.
605 3321 636 3369 12
655 3315 721 3378 τοὺς
739 3315 770 3370 δὲ
789 3314 1023 3382 προσδιορισμοίις
1040 3311 1157 3378 Finekh,

143 3387 215 3453 ‚fori
234 3385 270 3440 τὰ
290 3385 320 3441 δὲ
338 3388 558 3456 προσδιορισμοῦ
578 3384 750 3458 <όεόμενοι>*
772 3386 858 3440 Rebe.
933 3391 964 3439 17
985 3384 1056 3447 ‚forn
1076 3384 1157 3437 ἀναι-

144 3457 221 3525 ρήσει
235 3456 266 3510 τό
281 3457 397 3511 ι’ίτονιονι
412 3457 499 3511 Rabe.
573 3463 607 3510 23
622 3457 662 3512 ότι
676 3457 731 3511 del.
742 3457 816 3525 Spen
838 3456 871 3522 el,
889 3456 944 3525 ήδη
955 3454 1156 3508 Schneidewin.

144 3535 186 3584 23.
207 3535 240 3582 24
260 3527 373 3595 δοκήσει
393 3527 447 3582 del.
467 3527 671 3596 Schneidewin,
693 3527 804 3594 δοκήσει
824 3547 865 3582 οτι
884 3527 1007 3597 Segnior.
1082 3530 1114 3577 25
1134 3524 1159 3579 εί

145 3599 269 3670 Seguier,
288 3597 305 3668 ἢ
324 3599 354 3652 Ρ.
427 3601 618 3669 κεκοινώνηκα
638 3599 842 3665 Schneidewin,
861 3596 1022 3664 κοινωνήσει
1041 3597 1070 3650 Ρ.
