2666 3910
171 220 219 269 XL
571 219 789 272 PROOEMIVM

172 388 371 445 mentationes
391 390 421 444 et
440 388 603 446 sententias
621 387 709 446 ualde
724 387 925 463 discrepantes
939 389 1073 447 uirorum
1092 388 1192 448 docto-

171 495 239 532 rum
261 477 371 534 iterum
394 477 539 551 proferre,
567 478 696 552 paucula
723 479 842 537 tantum
872 497 1102 537 commemorare
1126 495 1193 554 pos-

171 581 245 622 sum.
292 564 465 624 Postremus
490 563 523 624 G.
542 565 677 624 Wentzel
704 567 759 624 hes
783 566 978 626 difficillimas
1002 570 1192 642 quaestiones

171 655 319 712 tractauit
351 657 381 712 ot
413 673 462 714 aas
494 655 654 732 profligare
687 657 794 731 coepit.
849 654 934 724 Quod
971 657 1010 714 ad
1044 659 1192 716 rationem

172 743 297 817 attinet,
322 762 411 818 quam
435 763 489 821 ego
516 747 549 802 in
571 745 627 804 hac
656 745 840 804 collectionis
865 748 951 821 parte
974 749 1093 805 secutus
1116 765 1192 820 snm,

172 833 273 890 omnia
305 833 476 910 fingmento
507 853 525 893 a
553 834 690 910 Bo'yseno
722 835 786 892 siue
818 837 882 892 iure
915 836 978 893 siue
1010 834 1121 892 iniuria
1148 867 1192 875 —-

171 922 228 979 hoc
253 922 416 981 diiudicare
442 942 502 981 non
526 923 634 998 ausim,
663 942 757 999 neque
782 925 861 982 enim
888 925 1067 983 sententiam
1094 943 1192 982 meam

171 1011 308 1085 pluribus
332 1014 515 1090 argumentis
539 1012 673 1071 stabilire
701 1013 792 1071 uelim
815 1045 859 1054 -—
872 1011 1012 1098 ,Caecilio
1036 1013 1192 1072 uindicata

171 1100 277 1178 legem,
303 1120 393 1176 quam
416 1102 492 1160 mihi
514 1101 620 1176 scn'psi
643 1095 726 1180 (uide
749 1122 777 1178 p.
793 1093 897 1183 Vsq.)‚
920 1105 1037 1161 secutus
1060 1105 1092 1160 in
1114 1103 1192 1161 hanc

172 1189 307 1268 syllogen
322 1193 429 1266 recepi.
469 1191 546 1249 Sane
560 1191 751 1250 uehementer
765 1192 945 1251 monendum
960 1194 1013 1266 ost,
1027 1194 1062 1249 ut
1076 1210 1192 1250 summa

172 1279 310 1338 cautione
340 1282 458 1354 utatur,
489 1282 541 1354 qui
570 1280 625 1340 illa
655 1280 823 1358 fragmenta
852 1280 969 1340 adierit.
1019 1280 1098 1340 Nam
1127 1283 1191 1340 sine

171 1367 260 1426 dubio
291 1399 334 1407 -
366 1369 422 1427 hoc
456 1370 580 1427 reticere
612 1370 682 1428 nolo
716 1401 757 1408 -
789 1372 822 1427 in
855 1389 889 1428 eo
921 1370 1079 1447 glossariO,
1112 1371 1191 1445 quod

170 1459 203 1514 in
236 1457 411 1516 collectione
442 1476 509 1516 mea
538 1458 661 1535 legitur,
693 1477 753 1516 non
783 1478 878 1533 pauca
909 1461 991 1533 sunt,
1022 1478 1098 1534 quae
1130 1479 1191 1518 non

170 1549 249 1605 recte
271 1545 400 1605 Caecilio
419 1547 535 1605 tributa
558 1550 641 1623 sunt3
664 1548 819 1624 Boysenus
837 1550 902 1623 ipse
920 1548 956 1606 de
975 1551 1061 1624 parte
1079 1567 1191 1622 eorum,

172 1652 248 1710 quae
280 1636 352 1693 olim
383 1636 558 1710 probauisse
590 1642 620 1696 et
647 1637 770 1696 euicisse
800 1637 858 1696 sibi
885 1639 968 1696 uisus
996 1641 1054 1712 est,
1086 1640 1190 1712 postea

172 1725 321 1798 discessit3
349 1743 437 1800 porro
461 1724 644 1784 Wentzelius
670 1726 742 1784 satis
765 1727 861 1784 multa
885 1728 1057 1784 summatim
1079 1728 1190 1785 refute-

171 1815 225 1872 uit.
260 1813 317 1872 Sed
336 1832 404 1872 cum
417 1814 600 1874 Wentzelius
619 1818 795 1892 argumenta
815 1817 950 1890 opinioni
968 1834 1039 1874 suae
1057 1816 1190 1874 nondum

173 1902 334 1978 addiderit,
366 1920 420 1980 ego
448 1904 579 1980 Boyseni
605 1904 717 1962 iudicia
745 1923 883 1979 spernere
911 1923 1001 1963 ausus
1023 1923 1083 1962 non
1112 1925 1189 1980 sum3

171 1993 262 2050 immo
293 1993 394 2050 omnia
416 1993 586 2069 recipienda
613 2012 675 2052 esse
702 1996 824 2068 putaui,
852 2013 918 2051 cum
941 1994 1017 2052 nihil
1040 1993 1120 2069 apud
1143 2013 1189 2051 me

170 2080 334 2140 desiderari
363 2098 513 2156 cuperem,
544 2081 702 2140 dummodo
731 2085 764 2139 in
792 2083 839 2142 his
869 2085 1013 2141 memoria
1035 2086 1189 2141 teneamus

171 2169 292 2228 dubiam
316 2187 379 2228 esse
397 2170 517 2228 illorum
535 2170 624 2229 fidem
648 2174 737 2246 atque
762 2174 980 2230 auctoritatem.
1018 2172 1189 2246 decausis,

172 2279 187 2316 e
211 2258 317 2334 quibus
341 2259 461 2336 singula
485 2259 614 2318 Caecilio
637 2260 798 2319 tribuenda
821 2263 894 2335 sint,
922 2262 998 2318 nihil
1025 2262 1189 2336 proferam3

172 2347 304 2424 Boyseni
326 2347 422 2423 ipsius
445 2350 693 2426 inuestigationes
716 2351 881 2409 necessario
905 2348 1089 2408 adhibendae
1111 2353 1188 2408 sunt.
