<?xml version="1.0" encoding="UTF-8"?>
<!DOCTYPE html PUBLIC "-//W3C//DTD XHTML 1.0 Transitional//EN"
    "http://www.w3.org/TR/xhtml1/DTD/xhtml1-transitional.dtd">
<html xmlns="http://www.w3.org/1999/xhtml" xml:lang="en" lang="en">
 <head>
  <title>
</title>
<meta http-equiv="Content-Type" content="text/html;charset=utf-8" />
  <meta name='ocr-system' content='tesseract 3.04.00' />
  <meta name='ocr-capabilities' content='ocr_page ocr_carea ocr_par ocr_line ocrx_word'/>
</head>
<body>
  <div class='ocr_page' id='page_1' title='image "./caeciliicalacti00caecgoog_0120.png"; bbox 0 0 2666 3912; ppageno 0'>
   <div class='ocr_carea' id='block_1_1' title="bbox 488 222 1140 286">
    <p class='ocr_par' dir='ltr' id='par_1_1' title="bbox 488 222 1140 286">
     <span class='ocr_line' id='line_1_1' title="bbox 488 222 1140 286; baseline -0.003 -11"><span class='ocrx_word' id='word_1_1' title='bbox 488 225 521 276; x_wconf 85' lang='lat' dir='ltr'>V.</span> <span class='ocrx_word' id='word_1_2' title='bbox 541 225 628 275; x_wconf 80' lang='grc' dir='ltr'><strong>ΠΕΡΙ</strong></span> <span class='ocrx_word' id='word_1_3' title='bbox 647 225 780 275; x_wconf 79' lang='grc' dir='ltr'><strong>ΤΨΟΤΣ</strong></span> <span class='ocrx_word' id='word_1_4' title='bbox 1099 222 1140 286; x_wconf 78' lang='grc'>75</span> 
     </span>
    </p>
   </div>
   <div class='ocr_carea' id='block_1_2' title="bbox 120 383 1269 3035">
    <p class='ocr_par' dir='ltr' id='par_1_2' title="bbox 120 383 1269 3035">
     <span class='ocr_line' id='line_1_2' title="bbox 123 383 1141 451; baseline 0 -13"><span class='ocrx_word' id='word_1_5' title='bbox 123 385 167 438; x_wconf 78' lang='grc' dir='ltr'>καὶ</span> <span class='ocrx_word' id='word_1_6' title='bbox 186 385 219 436; x_wconf 88' lang='grc' dir='ltr'>τὸ</span> <span class='ocrx_word' id='word_1_7' title='bbox 237 384 308 449; x_wconf 82' lang='grc' dir='ltr'>πρὸ(</span> <span class='ocrx_word' id='word_1_8' title='bbox 327 385 429 437; x_wconf 88' lang='grc' dir='ltr'>ἑαυτὸν</span> <span class='ocrx_word' id='word_1_9' title='bbox 448 385 487 436; x_wconf 86' lang='grc' dir='ltr'>ώε</span> <span class='ocrx_word' id='word_1_10' title='bbox 505 386 575 451; x_wconf 74' lang='grc' dir='ltr'>πρὸ(</span> <span class='ocrx_word' id='word_1_11' title='bbox 594 385 691 450; x_wconf 87' lang='grc' dir='ltr'>ἕτερον</span> <span class='ocrx_word' id='word_1_12' title='bbox 710 383 890 438; x_wconf 81' lang='grc' dir='ltr'>ἀνθυταντᾶν</span> <span class='ocrx_word' id='word_1_13' title='bbox 909 387 943 438; x_wconf 86' lang='grc' dir='ltr'>οὐ</span> <span class='ocrx_word' id='word_1_14' title='bbox 963 386 1050 451; x_wconf 91' lang='grc' dir='ltr'>μόνον</span> <span class='ocrx_word' id='word_1_15' title='bbox 1069 386 1141 451; x_wconf 84' lang='grc' dir='ltr'>ὑψη-</span> 
     </span>
     <span class='ocr_line' id='line_1_3' title="bbox 122 472 1140 541; baseline 0.001 -17"><span class='ocrx_word' id='word_1_16' title='bbox 122 473 238 538; x_wconf 83' lang='grc' dir='ltr'>λότερον</span> <span class='ocrx_word' id='word_1_17' title='bbox 263 472 373 540; x_wconf 81' lang='grc' dir='ltr'>ἐποίηεε</span> <span class='ocrx_word' id='word_1_18' title='bbox 396 479 438 541; x_wconf 84' lang='grc' dir='ltr'>τῷ</span> <span class='ocrx_word' id='word_1_19' title='bbox 462 479 637 540; x_wconf 81' lang='grc' dir='ltr'>εχηματιεμῷ</span> <span class='ocrx_word' id='word_1_20' title='bbox 660 474 694 526; x_wconf 90' lang='grc' dir='ltr'>τὸ</span> <span class='ocrx_word' id='word_1_21' title='bbox 716 475 801 540; x_wconf 82' lang='grc' dir='ltr'>ῥηθὲν</span> <span class='ocrx_word' id='word_1_22' title='bbox 820 475 889 527; x_wconf 76' lang='grc' dir='ltr'>ἀλλὰ</span> <span class='ocrx_word' id='word_1_23' title='bbox 908 477 953 527; x_wconf 79' lang='grc' dir='ltr'>καὶ</span> <span class='ocrx_word' id='word_1_24' title='bbox 970 475 1140 540; x_wconf 83' lang='grc' dir='ltr'>πιετότερον.</span> 
     </span>
     <span class='ocr_line' id='line_1_4' title="bbox 123 562 1140 630; baseline 0.005 -18"><span class='ocrx_word' id='word_1_25' title='bbox 123 562 161 628; x_wconf 89' lang='grc'>(2)</span> <span class='ocrx_word' id='word_1_26' title='bbox 182 562 241 625; x_wconf 84' lang='grc' dir='ltr'>ἄγει</span> <span class='ocrx_word' id='word_1_27' title='bbox 264 562 317 628; x_wconf 80' lang='grc' dir='ltr'>γὰρ</span> <span class='ocrx_word' id='word_1_28' title='bbox 335 563 371 615; x_wconf 83' lang='grc' dir='ltr'>τὰ</span> <span class='ocrx_word' id='word_1_29' title='bbox 389 563 529 628; x_wconf 85' lang='grc' dir='ltr'>παθητικὰ</span> <span class='ocrx_word' id='word_1_30' title='bbox 546 563 612 615; x_wconf 91' lang='grc' dir='ltr'>τότε</span> <span class='ocrx_word' id='word_1_31' title='bbox 631 565 748 629; x_wconf 76' lang='grc' dir='ltr'>μᾶλλον,</span> <span class='ocrx_word' id='word_1_32' title='bbox 772 564 840 615; x_wconf 85' lang='grc' dir='ltr'>ὅταν</span> <span class='ocrx_word' id='word_1_33' title='bbox 859 564 931 616; x_wconf 78' lang='grc' dir='ltr'>αὐτὰ</span> <span class='ocrx_word' id='word_1_34' title='bbox 950 562 1083 630; x_wconf 86' lang='grc' dir='ltr'>φαίνηται</span> <span class='ocrx_word' id='word_1_35' title='bbox 1103 565 1140 629; x_wconf 83' lang='grc' dir='ltr'>μὴ</span> 
     </span>
     <span class='ocr_line' id='line_1_5' title="bbox 123 650 1142 719; baseline 0.003 -17"><span class='ocrx_word' id='word_1_36' title='bbox 123 650 294 716; x_wconf 83' lang='grc' dir='ltr'>ἐπιτηδεύειν</span> <span class='ocrx_word' id='word_1_37' title='bbox 314 651 399 704; x_wconf 77' lang='grc' dir='ltr'>αὐτὸ(</span> <span class='ocrx_word' id='word_1_38' title='bbox 417 653 434 704; x_wconf 87' lang='grc' dir='ltr'>ὁ</span> <span class='ocrx_word' id='word_1_39' title='bbox 453 652 543 714; x_wconf 84' lang='grc' dir='ltr'>λέγων</span> <span class='ocrx_word' id='word_1_40' title='bbox 563 651 632 704; x_wconf 84' lang='grc' dir='ltr'>ἀλλὰ</span> <span class='ocrx_word' id='word_1_41' title='bbox 650 656 752 715; x_wconf 82' lang='grc' dir='ltr'>γεννᾶν</span> <span class='ocrx_word' id='word_1_42' title='bbox 771 653 787 704; x_wconf 90' lang='grc' dir='ltr'>ὁ</span> <span class='ocrx_word' id='word_1_43' title='bbox 806 651 908 718; x_wconf 80' lang='grc' dir='ltr'>καιρδε,</span> <span class='ocrx_word' id='word_1_44' title='bbox 927 654 945 718; x_wconf 87' lang='grc' dir='ltr'>ἡ</span> <span class='ocrx_word' id='word_1_45' title='bbox 965 652 991 704; x_wconf 87' lang='grc' dir='ltr'>δ’</span> <span class='ocrx_word' id='word_1_46' title='bbox 1009 653 1142 719; x_wconf 84' lang='grc' dir='ltr'>ἐρώτηειε</span> 
     </span>
     <span class='ocr_line' id='line_1_6' title="bbox 122 738 1181 807; baseline 0 -15"><span class='ocrx_word' id='word_1_47' title='bbox 122 740 139 804; x_wconf 84' lang='grc' dir='ltr'>ἡ</span> <span class='ocrx_word' id='word_1_48' title='bbox 164 738 203 792; x_wconf 83' lang='grc' dir='ltr'>εἰ(</span> <span class='ocrx_word' id='word_1_49' title='bbox 226 740 328 793; x_wconf 86' lang='grc' dir='ltr'>ἑαυτὸν</span> <span class='ocrx_word' id='word_1_50' title='bbox 352 742 395 793; x_wconf 82' lang='grc' dir='ltr'>καὶ</span> <span class='ocrx_word' id='word_1_51' title='bbox 419 740 559 806; x_wconf 83' lang='grc' dir='ltr'>ἀπόκριειε</span> <span class='ocrx_word' id='word_1_52' title='bbox 582 745 701 806; x_wconf 84' lang='grc' dir='ltr'>μιμεῖται</span> <span class='ocrx_word' id='word_1_53' title='bbox 723 745 774 793; x_wconf 80' lang='grc' dir='ltr'>τοῦ</span> <span class='ocrx_word' id='word_1_54' title='bbox 798 741 906 794; x_wconf 88' lang='grc' dir='ltr'>πάθουε</span> <span class='ocrx_word' id='word_1_55' title='bbox 930 742 963 794; x_wconf 85' lang='grc' dir='ltr'>τὸ</span> <span class='ocrx_word' id='word_1_56' title='bbox 990 740 1140 807; x_wconf 85' lang='grc' dir='ltr'>ἐπίκαιρον.</span> <span class='ocrx_word' id='word_1_57' title='bbox 1168 752 1181 792; x_wconf 83' lang='lat'>5</span> 
     </span>
     <span class='ocr_line' id='line_1_7' title="bbox 123 828 1140 896; baseline 0.002 -15"><span class='ocrx_word' id='word_1_58' title='bbox 123 829 219 893; x_wconf 82' lang='grc' dir='ltr'>εχεδὸν</span> <span class='ocrx_word' id='word_1_59' title='bbox 237 829 291 894; x_wconf 83' lang='grc' dir='ltr'>γὰρ</span> <span class='ocrx_word' id='word_1_60' title='bbox 310 829 350 880; x_wconf 84' lang='grc' dir='ltr'>ὡ(</span> <span class='ocrx_word' id='word_1_61' title='bbox 368 828 395 882; x_wconf 81' lang='lat' dir='ltr'>ol</span> <span class='ocrx_word' id='word_1_62' title='bbox 413 828 465 894; x_wconf 84' lang='grc' dir='ltr'>ὑφ’</span> <span class='ocrx_word' id='word_1_63' title='bbox 483 829 586 894; x_wconf 84' lang='grc' dir='ltr'>ἑτέρων</span> <span class='ocrx_word' id='word_1_64' title='bbox 606 829 783 895; x_wconf 86' lang='grc' dir='ltr'>ἐρωτώμενοι</span> <span class='ocrx_word' id='word_1_65' title='bbox 801 831 1022 896; x_wconf 81' lang='grc' dir='ltr'>παροξυνθέντεε</span> <span class='ocrx_word' id='word_1_66' title='bbox 1041 831 1071 883; x_wconf 84' lang='grc' dir='ltr'>ἐκ</span> <span class='ocrx_word' id='word_1_67' title='bbox 1089 835 1140 883; x_wconf 84' lang='grc' dir='ltr'>τοῦ</span> 
     </span>
     <span class='ocr_line' id='line_1_8' title="bbox 122 917 1140 985; baseline 0.001 -15"><span class='ocrx_word' id='word_1_68' title='bbox 122 921 290 983; x_wconf 85' lang='grc' dir='ltr'>παραχρῆμα</span> <span class='ocrx_word' id='word_1_69' title='bbox 313 917 383 983; x_wconf 83' lang='grc' dir='ltr'>πρὸ(</span> <span class='ocrx_word' id='word_1_70' title='bbox 405 917 439 970; x_wconf 90' lang='grc' dir='ltr'>τὸ</span> <span class='ocrx_word' id='word_1_71' title='bbox 462 919 559 984; x_wconf 81' lang='grc' dir='ltr'>λεχθὲν</span> <span class='ocrx_word' id='word_1_72' title='bbox 583 917 743 981; x_wconf 84' lang='grc' dir='ltr'>ἐναγωνίωε</span> <span class='ocrx_word' id='word_1_73' title='bbox 766 920 811 971; x_wconf 82' lang='grc' dir='ltr'>καὶ</span> <span class='ocrx_word' id='word_1_74' title='bbox 834 919 882 971; x_wconf 80' lang='grc' dir='ltr'>ἀπ’</span> <span class='ocrx_word' id='word_1_75' title='bbox 901 919 989 985; x_wconf 84' lang='grc' dir='ltr'>αὐτῆ(</span> <span class='ocrx_word' id='word_1_76' title='bbox 1006 922 1058 985; x_wconf 85' lang='grc' dir='ltr'>τῆε</span> <span class='ocrx_word' id='word_1_77' title='bbox 1076 918 1140 984; x_wconf 85' lang='grc' dir='ltr'>ἀλη-</span> 
     </span>
     <span class='ocr_line' id='line_1_9' title="bbox 122 1006 1141 1074; baseline 0.002 -15"><span class='ocrx_word' id='word_1_78' title='bbox 122 1006 198 1060; x_wconf 85' lang='grc' dir='ltr'>θεία(</span> <span class='ocrx_word' id='word_1_79' title='bbox 220 1008 446 1072; x_wconf 82' lang='grc' dir='ltr'>ἀνθυπαντύιειν,</span> <span class='ocrx_word' id='word_1_80' title='bbox 470 1007 562 1060; x_wconf 78' lang='grc' dir='ltr'>οὕτω(</span> <span class='ocrx_word' id='word_1_81' title='bbox 584 1007 618 1060; x_wconf 89' lang='grc' dir='ltr'>τὸ</span> <span class='ocrx_word' id='word_1_82' title='bbox 643 1011 731 1072; x_wconf 85' lang='grc' dir='ltr'>εχῆμα</span> <span class='ocrx_word' id='word_1_83' title='bbox 754 1011 805 1074; x_wconf 76' lang='grc' dir='ltr'>τῆ(</span> <span class='ocrx_word' id='word_1_84' title='bbox 823 1009 947 1061; x_wconf 81' lang='grc' dir='ltr'>πεύεεωε</span> <span class='ocrx_word' id='word_1_85' title='bbox 965 1011 1010 1061; x_wconf 83' lang='grc' dir='ltr'>καί</span> <span class='ocrx_word' id='word_1_86' title='bbox 1029 1008 1141 1074; x_wconf 82' lang='grc' dir='ltr'>ἀποκρί-</span> 
     </span>
     <span class='ocr_line' id='line_1_10' title="bbox 122 1093 1141 1163; baseline 0.002 -16"><span class='ocrx_word' id='word_1_87' title='bbox 122 1111 191 1148; x_wconf 86' lang='grc' dir='ltr'>εεωε</span> <span class='ocrx_word' id='word_1_88' title='bbox 215 1093 253 1148; x_wconf 77' lang='grc' dir='ltr'>εἰ(</span> <span class='ocrx_word' id='word_1_89' title='bbox 271 1096 304 1148; x_wconf 83' lang='grc' dir='ltr'>τὸ</span> <span class='ocrx_word' id='word_1_90' title='bbox 324 1097 416 1148; x_wconf 77' lang='grc' dir='ltr'>δοκεῖν</span> <span class='ocrx_word' id='word_1_91' title='bbox 435 1096 550 1148; x_wconf 86' lang='grc' dir='ltr'>ἕκαετον</span> <span class='ocrx_word' id='word_1_92' title='bbox 568 1100 628 1148; x_wconf 84' lang='grc' dir='ltr'>τῶν</span> <span class='ocrx_word' id='word_1_93' title='bbox 647 1096 821 1162; x_wconf 81' lang='grc' dir='ltr'>ἐεκεμμένων</span> <span class='ocrx_word' id='word_1_94' title='bbox 840 1097 869 1152; x_wconf 83' lang='grc' dir='ltr'>ἐξ</span> <span class='ocrx_word' id='word_1_95' title='bbox 888 1098 1015 1162; x_wconf 82' lang='grc' dir='ltr'>ὑπογύου</span> <span class='ocrx_word' id='word_1_96' title='bbox 1035 1101 1141 1163; x_wconf 87' lang='grc' dir='ltr'>κεκινῆ-</span> 
     </span>
     <span class='ocr_line' id='line_1_11' title="bbox 122 1183 1180 1252; baseline -0.001 -16"><span class='ocrx_word' id='word_1_97' title='bbox 122 1183 182 1236; x_wconf 82' lang='grc' dir='ltr'>εθαί</span> <span class='ocrx_word' id='word_1_98' title='bbox 204 1199 235 1236; x_wconf 89' lang='grc' dir='ltr'>τε</span> <span class='ocrx_word' id='word_1_99' title='bbox 258 1186 303 1236; x_wconf 81' lang='grc' dir='ltr'>καὶ</span> <span class='ocrx_word' id='word_1_100' title='bbox 325 1184 450 1248; x_wconf 83' lang='grc' dir='ltr'>λέγεεθαι</span> <span class='ocrx_word' id='word_1_101' title='bbox 472 1185 522 1237; x_wconf 91' lang='grc' dir='ltr'>τὸν</span> <span class='ocrx_word' id='word_1_102' title='bbox 546 1185 688 1251; x_wconf 80' lang='grc' dir='ltr'>ἀκροατὴν</span> <span class='ocrx_word' id='word_1_103' title='bbox 712 1185 821 1249; x_wconf 86' lang='grc' dir='ltr'>ἀπάγον</span> <span class='ocrx_word' id='word_1_104' title='bbox 849 1188 894 1238; x_wconf 83' lang='grc' dir='ltr'>καί</span> <span class='ocrx_word' id='word_1_105' title='bbox 919 1186 1139 1252; x_wconf 83' lang='grc' dir='ltr'>παραλογίζεται.</span> <span class='ocrx_word' id='word_1_106' title='bbox 1155 1197 1180 1236; x_wconf 86' lang='lat'>10</span> 
     </span>
     <span class='ocr_line' id='line_1_12' title="bbox 121 1272 1141 1341; baseline 0.002 -15"><span class='ocrx_word' id='word_1_107' title='bbox 121 1273 162 1326; x_wconf 80' lang='grc' dir='ltr'>ἔτι</span> <span class='ocrx_word' id='word_1_108' title='bbox 187 1272 284 1326; x_wconf 83' lang='grc' dir='ltr'>τοίνυν</span> <span class='ocrx_word' id='word_1_109' title='bbox 309 1272 352 1339; x_wconf 87' lang='grc' dir='ltr'>(ἓν</span> <span class='ocrx_word' id='word_1_110' title='bbox 376 1273 430 1338; x_wconf 83' lang='grc' dir='ltr'>γάρ</span> <span class='ocrx_word' id='word_1_111' title='bbox 454 1289 481 1325; x_wconf 87' lang='grc' dir='ltr'>τι</span> <span class='ocrx_word' id='word_1_112' title='bbox 505 1277 564 1326; x_wconf 84' lang='grc' dir='ltr'>τῶν</span> <span class='ocrx_word' id='word_1_113' title='bbox 591 1274 779 1338; x_wconf 84' lang='grc' dir='ltr'>ὑψηλοτάτων</span> <span class='ocrx_word' id='word_1_114' title='bbox 803 1275 837 1327; x_wconf 87' lang='grc' dir='ltr'>τὸ</span> <span class='ocrx_word' id='word_1_115' title='bbox 862 1274 1037 1341; x_wconf 85' lang='grc' dir='ltr'>Ἡροδότειον</span> <span class='ocrx_word' id='word_1_116' title='bbox 1062 1275 1141 1328; x_wconf 82' lang='grc' dir='ltr'>πεπί-</span> 
     </span>
     <span class='ocr_line' id='line_1_13' title="bbox 121 1361 1225 1448; baseline 0.002 -34"><span class='ocrx_word' id='word_1_117' title='bbox 121 1363 243 1428; x_wconf 77' lang='grc' dir='ltr'>στευται)</span> <span class='ocrx_word' id='word_1_118' title='bbox 263 1361 286 1415; x_wconf 85' lang='grc' dir='ltr'>εἰ</span> <span class='ocrx_word' id='word_1_119' title='bbox 305 1362 430 1415; x_wconf 75' lang='grc' dir='ltr'>οὕτωσ-ἔ</span> <span class='ocrx_word' id='word_1_120' title='bbox 449 1380 464 1413; x_wconf 87' lang='lat'>*</span> <span class='ocrx_word' id='word_1_121' title='bbox 484 1363 520 1428; x_wconf 73' lang='lat' dir='ltr'>*l</span> <span class='ocrx_word' id='word_1_122' title='bbox 1153 1401 1186 1448; x_wconf 81' lang='lat'>43</span> <span class='ocrx_word' id='word_1_123' title='bbox 1199 1394 1225 1448; x_wconf 75' lang='lat' dir='ltr'>V</span> 
     </span>
     <span class='ocr_line' id='line_1_14' title="bbox 193 1438 1232 1522; baseline 0.003 -21"><span class='ocrx_word' id='word_1_124' title='bbox 193 1467 208 1501; x_wconf 72' lang='grc' dir='ltr'>ιι</span> <span class='ocrx_word' id='word_1_125' title='bbox 229 1467 244 1502; x_wconf 70' lang='grc' dir='ltr'>ν</span> <span class='ocrx_word' id='word_1_126' title='bbox 264 1450 373 1502; x_wconf 78' lang='grc' dir='ltr'>πίονα</span> <span class='ocrx_word' id='word_1_127' title='bbox 394 1447 552 1504; x_wconf 78' lang='grc' dir='ltr'>ἐκπίπτει</span> <span class='ocrx_word' id='word_1_128' title='bbox 575 1451 633 1504; x_wconf 83' lang='grc' dir='ltr'>καί</span> <span class='ocrx_word' id='word_1_129' title='bbox 657 1449 767 1505; x_wconf 80' lang='grc' dir='ltr'>οἱονεί</span> <span class='ocrx_word' id='word_1_130' title='bbox 785 1459 967 1522; x_wconf 82' lang='grc' dir='ltr'>προχεῖται</span> <span class='ocrx_word' id='word_1_131' title='bbox 985 1450 1025 1504; x_wconf 84' lang='grc' dir='ltr'>τὰ</span> <span class='ocrx_word' id='word_1_132' title='bbox 1043 1450 1138 1521; x_wconf 78' lang='grc' dir='ltr'>λεγό-</span> <span class='ocrx_word' id='word_1_133' title='bbox 1152 1438 1232 1520; x_wconf 63' lang='lat' dir='ltr'>XIX&#39;</span> 
     </span>
     <span class='ocr_line' id='line_1_15' title="bbox 121 1535 1269 1610; baseline 0.005 -21"><span class='ocrx_word' id='word_1_134' title='bbox 121 1555 218 1605; x_wconf 84' lang='grc' dir='ltr'>μενα,</span> <span class='ocrx_word' id='word_1_135' title='bbox 243 1535 358 1606; x_wconf 80' lang='grc' dir='ltr'>ὀλίγον</span> <span class='ocrx_word' id='word_1_136' title='bbox 382 1541 456 1592; x_wconf 88' lang='grc' dir='ltr'>δεῖν</span> <span class='ocrx_word' id='word_1_137' title='bbox 480 1536 664 1606; x_wconf 77' lang='grc' dir='ltr'>φθάνοντα</span> <span class='ocrx_word' id='word_1_138' title='bbox 692 1540 749 1593; x_wconf 86' lang='grc' dir='ltr'>καί</span> <span class='ocrx_word' id='word_1_139' title='bbox 768 1540 880 1594; x_wconf 77' lang='grc' dir='ltr'>ἀὐτὸν</span> <span class='ocrx_word' id='word_1_140' title='bbox 904 1540 962 1594; x_wconf 89' lang='grc' dir='ltr'>τὸν</span> <span class='ocrx_word' id='word_1_141' title='bbox 988 1535 1269 1610; x_wconf 66' lang='lat' dir='ltr'>zeyovva.?1⁰=⁵vdna</span> 
     </span>
     <span class='ocr_line' id='line_1_16' title="bbox 122 1623 1180 1699; baseline 0.004 -21"><span class='ocrx_word' id='word_1_142' title='bbox 122 1625 196 1678; x_wconf 53' lang='grc' dir='ltr'>(καὶ</span> <span class='ocrx_word' id='word_1_143' title='bbox 215 1623 461 1697; x_wconf 81' lang='grc' dir='ltr'>συμβαίόντες’</span> <span class='ocrx_word' id='word_1_144' title='bbox 483 1628 588 1696; x_wconf 82' lang='grc' dir='ltr'>φησίν</span> <span class='ocrx_word' id='word_1_145' title='bbox 608 1628 623 1681; x_wconf 88' lang='grc' dir='ltr'>δ</span> <span class='ocrx_word' id='word_1_146' title='bbox 639 1631 802 1696; x_wconf 77' lang='grc' dir='ltr'>Ξενοφῶν</span> <span class='ocrx_word' id='word_1_147' title='bbox 817 1629 892 1697; x_wconf 74' lang='lat' dir='ltr'><strong>(hist.</strong></span> <span class='ocrx_word' id='word_1_148' title='bbox 908 1645 1000 1699; x_wconf 79' lang='lat' dir='ltr'>graec.</span> <span class='ocrx_word' id='word_1_149' title='bbox 1016 1631 1138 1698; x_wconf 72' lang='lat' dir='ltr'><strong>1v3‚19)</strong></span> <span class='ocrx_word' id='word_1_150' title='bbox 1154 1641 1180 1682; x_wconf 80' lang='grc' dir='ltr'>ιο</span> 
     </span>
     <span class='ocr_line' id='line_1_17' title="bbox 123 1711 1139 1789; baseline 0.003 -21"><span class='ocrx_word' id='word_1_151' title='bbox 123 1713 198 1774; x_wconf 60' lang='grc' dir='ltr'>“τάς</span> <span class='ocrx_word' id='word_1_152' title='bbox 215 1711 365 1776; x_wconf 84' lang='grc' dir='ltr'>ἀσπίδας</span> <span class='ocrx_word' id='word_1_153' title='bbox 384 1715 559 1770; x_wconf 76' lang='grc' dir='ltr'>ἐωθοῦντο</span> <span class='ocrx_word' id='word_1_154' title='bbox 580 1716 745 1788; x_wconf 80' lang='grc' dir='ltr'>ἐμάχοντο</span> <span class='ocrx_word' id='word_1_155' title='bbox 763 1717 969 1772; x_wconf 86' lang='grc' dir='ltr'>ἀπέκτεινον</span> <span class='ocrx_word' id='word_1_156' title='bbox 984 1716 1139 1789; x_wconf 76' lang='grc' dir='ltr'>ἀπέθνῃ-</span> 
     </span>
     <span class='ocr_line' id='line_1_18' title="bbox 120 1804 953 1878; baseline 0.002 -21"><span class='ocrx_word' id='word_1_157' title='bbox 120 1805 227 1858; x_wconf 83' lang='grc' dir='ltr'>σκον’.</span> <span class='ocrx_word' id='word_1_158' title='bbox 267 1806 303 1873; x_wconf 78' lang='grc'>(2)</span> <span class='ocrx_word' id='word_1_159' title='bbox 322 1805 380 1858; x_wconf 83' lang='grc' dir='ltr'>καί</span> <span class='ocrx_word' id='word_1_160' title='bbox 398 1804 438 1858; x_wconf 90' lang='grc' dir='ltr'>τά</span> <span class='ocrx_word' id='word_1_161' title='bbox 456 1814 515 1860; x_wconf 84' lang='grc' dir='ltr'>τοῦ</span> <span class='ocrx_word' id='word_1_162' title='bbox 535 1805 734 1878; x_wconf 77' lang='grc' dir='ltr'><em>Εὐρυλόχου</em></span> <span class='ocrx_word' id='word_1_163' title='bbox 754 1809 781 1878; x_wconf 85' lang='grc' dir='ltr'>(ιι</span> <span class='ocrx_word' id='word_1_164' title='bbox 799 1810 953 1876; x_wconf 81' lang='grc'>251-252)</span> 
     </span>
     <span class='ocr_line' id='line_1_19' title="bbox 185 1891 1138 1966; baseline 0.004 -20"><span class='ocrx_word' id='word_1_165' title='bbox 185 1891 350 1961; x_wconf 75' lang='grc' dir='ltr'>ἤλθομεν,</span> <span class='ocrx_word' id='word_1_166' title='bbox 366 1893 407 1954; x_wconf 81' lang='grc' dir='ltr'>ὡς</span> <span class='ocrx_word' id='word_1_167' title='bbox 421 1893 586 1962; x_wconf 74' lang='grc' dir='ltr'>ἐκέλευες,</span> <span class='ocrx_word' id='word_1_168' title='bbox 601 1895 665 1949; x_wconf 82' lang='grc' dir='ltr'>ἀνὰ</span> <span class='ocrx_word' id='word_1_169' title='bbox 680 1897 803 1966; x_wconf 83' lang='grc' dir='ltr'>δρυμοί,</span> <span class='ocrx_word' id='word_1_170' title='bbox 819 1893 955 1965; x_wconf 79' lang='grc' dir='ltr'>φαίδιμ’</span> <span class='ocrx_word' id='word_1_171' title='bbox 971 1893 1138 1950; x_wconf 81' lang='grc' dir='ltr'>Ὀδυσσεῦ.</span> 
     </span>
     <span class='ocr_line' id='line_1_20' title="bbox 185 1979 1125 2055; baseline 0.004 -21"><span class='ocrx_word' id='word_1_172' title='bbox 185 1979 323 2049; x_wconf 75' lang='grc' dir='ltr'>εἴδομεν</span> <span class='ocrx_word' id='word_1_173' title='bbox 342 1982 377 2036; x_wconf 79' lang='grc' dir='ltr'>ἐν</span> <span class='ocrx_word' id='word_1_174' title='bbox 396 1983 541 2055; x_wconf 79' lang='grc' dir='ltr'>βήσσῃσι</span> <span class='ocrx_word' id='word_1_175' title='bbox 558 1983 745 2054; x_wconf 77' lang='grc' dir='ltr'>τετυγμένα</span> <span class='ocrx_word' id='word_1_176' title='bbox 764 1987 901 2054; x_wconf 78' lang='grc' dir='ltr'>δώματα</span> <span class='ocrx_word' id='word_1_177' title='bbox 920 1984 1013 2038; x_wconf 79' lang='grc' dir='ltr'>καλά.</span> <span class='ocrx_word' id='word_1_178' title='bbox 1121 2003 1125 2012; x_wconf 90' lang='grc'>·</span> 
     </span>
     <span class='ocr_line' id='line_1_21' title="bbox 120 2068 1180 2142; baseline 0.006 -20"><span class='ocrx_word' id='word_1_179' title='bbox 120 2068 161 2122; x_wconf 84' lang='grc' dir='ltr'>τά</span> <span class='ocrx_word' id='word_1_180' title='bbox 184 2068 246 2138; x_wconf 85' lang='grc' dir='ltr'>γάρ</span> <span class='ocrx_word' id='word_1_181' title='bbox 270 2069 420 2138; x_wconf 76' lang='grc' dir='ltr'>ἀλλήλων</span> <span class='ocrx_word' id='word_1_182' title='bbox 444 2072 699 2142; x_wconf 80' lang='grc' dir='ltr'>διακεκομμένα</span> <span class='ocrx_word' id='word_1_183' title='bbox 722 2075 779 2128; x_wconf 84' lang='grc' dir='ltr'>καί</span> <span class='ocrx_word' id='word_1_184' title='bbox 803 2073 904 2128; x_wconf 77' lang='grc' dir='ltr'>οὐδέν</span> <span class='ocrx_word' id='word_1_185' title='bbox 931 2068 1035 2140; x_wconf 71' lang='grc' dir='ltr'>ἧσσον</span> <span class='ocrx_word' id='word_1_186' title='bbox 1060 2089 1180 2128; x_wconf 77' lang='grc' dir='ltr'>κατ-ευ</span> 
     </span>
     <span class='ocr_line' id='line_1_22' title="bbox 122 2157 1139 2232; baseline 0.005 -20"><span class='ocrx_word' id='word_1_187' title='bbox 122 2157 334 2228; x_wconf 88' lang='grc' dir='ltr'>εσπευσμένα</span> <span class='ocrx_word' id='word_1_188' title='bbox 357 2159 455 2229; x_wconf 80' lang='grc' dir='ltr'>φέρει</span> <span class='ocrx_word' id='word_1_189' title='bbox 477 2169 537 2230; x_wconf 79' lang='grc' dir='ltr'>τῆς</span> <span class='ocrx_word' id='word_1_190' title='bbox 559 2160 711 2231; x_wconf 75' lang='grc' dir='ltr'>ἀγωνίας</span> <span class='ocrx_word' id='word_1_191' title='bbox 735 2163 883 2232; x_wconf 82' lang='grc' dir='ltr'>ἔμφασιν</span> <span class='ocrx_word' id='word_1_192' title='bbox 907 2162 974 2230; x_wconf 82' lang='grc' dir='ltr'>ἅμα</span> <span class='ocrx_word' id='word_1_193' title='bbox 1000 2163 1059 2215; x_wconf 84' lang='grc' dir='ltr'>καί</span> <span class='ocrx_word' id='word_1_194' title='bbox 1084 2163 1139 2231; x_wconf 85' lang='grc' dir='ltr'>έμ-</span> 
     </span>
     <span class='ocr_line' id='line_1_23' title="bbox 121 2247 1140 2322; baseline 0.005 -22"><span class='ocrx_word' id='word_1_195' title='bbox 121 2247 330 2317; x_wconf 81' lang='grc' dir='ltr'>ποδιζούσης</span> <span class='ocrx_word' id='word_1_196' title='bbox 354 2269 384 2302; x_wconf 91' lang='grc' dir='ltr'>τι</span> <span class='ocrx_word' id='word_1_197' title='bbox 408 2251 466 2304; x_wconf 82' lang='grc' dir='ltr'>καί</span> <span class='ocrx_word' id='word_1_198' title='bbox 489 2252 752 2322; x_wconf 85' lang='grc' dir='ltr'>συνδιωκούσης.</span> <span class='ocrx_word' id='word_1_199' title='bbox 790 2248 928 2305; x_wconf 76' lang='grc' dir='ltr'>τοιαῦθ’</span> <span class='ocrx_word' id='word_1_200' title='bbox 955 2249 969 2305; x_wconf 86' lang='grc' dir='ltr'><strong>ὁ</strong></span> <span class='ocrx_word' id='word_1_201' title='bbox 996 2251 1140 2322; x_wconf 76' lang='grc' dir='ltr'>ποιητὴς</span> 
     </span>
     <span class='ocr_line' id='line_1_24' title="bbox 121 2333 1197 2410; baseline 0.003 -20"><span class='ocrx_word' id='word_1_202' title='bbox 121 2333 281 2405; x_wconf 80' lang='grc' dir='ltr'>ἐξήνεγκε</span> <span class='ocrx_word' id='word_1_203' title='bbox 309 2337 367 2392; x_wconf 84' lang='grc' dir='ltr'>διά</span> <span class='ocrx_word' id='word_1_204' title='bbox 393 2347 459 2393; x_wconf 86' lang='grc' dir='ltr'>τῶν</span> <span class='ocrx_word' id='word_1_205' title='bbox 486 2339 689 2396; x_wconf 85' lang='grc' dir='ltr'>ἀσυνδέτων.</span> <span class='ocrx_word' id='word_1_206' title='bbox 727 2343 764 2410; x_wconf 83' lang='grc'>(1)</span> <span class='ocrx_word' id='word_1_207' title='bbox 793 2340 885 2407; x_wconf 85' lang='grc' dir='ltr'>ἀκρως</span> <span class='ocrx_word' id='word_1_208' title='bbox 912 2339 943 2395; x_wconf 78' lang='grc' dir='ltr'>δὲ</span> <span class='ocrx_word' id='word_1_209' title='bbox 971 2341 1019 2394; x_wconf 81' lang='grc' dir='ltr'>καί</span> <span class='ocrx_word' id='word_1_210' title='bbox 1048 2340 1065 2408; x_wconf 80' lang='grc' dir='ltr'><em>ἡ</em></span> <span class='ocrx_word' id='word_1_211' title='bbox 1092 2340 1138 2395; x_wconf 81' lang='grc' dir='ltr'>ἐπί</span> <span class='ocrx_word' id='word_1_212' title='bbox 1153 2349 1197 2393; x_wconf 83' lang='lat' dir='ltr'>XX</span> 
     </span>
     <span class='ocr_line' id='line_1_25' title="bbox 160 2424 1138 2501; baseline 0.005 -24"><span class='ocrx_word' id='word_1_213' title='bbox 160 2424 244 2480; x_wconf 83' lang='grc' dir='ltr'>ταύτδ</span> <span class='ocrx_word' id='word_1_214' title='bbox 277 2426 397 2488; x_wconf 78' lang='grc' dir='ltr'>σύνοδος</span> <span class='ocrx_word' id='word_1_215' title='bbox 428 2436 484 2482; x_wconf 86' lang='grc' dir='ltr'>τῶν</span> <span class='ocrx_word' id='word_1_216' title='bbox 517 2429 664 2501; x_wconf 76' lang='grc' dir='ltr'>σχημάτων</span> <span class='ocrx_word' id='word_1_217' title='bbox 696 2429 780 2484; x_wconf 77' lang='grc' dir='ltr'>εἴωθε</span> <span class='ocrx_word' id='word_1_218' title='bbox 808 2438 912 2496; x_wconf 81' lang='grc' dir='ltr'>κινεῖν,</span> <span class='ocrx_word' id='word_1_219' title='bbox 946 2426 1013 2484; x_wconf 79' lang='grc' dir='ltr'>ὅταν</span> <span class='ocrx_word' id='word_1_220' title='bbox 1041 2429 1093 2482; x_wconf 90' lang='grc' dir='ltr'>δύο</span> <span class='ocrx_word' id='word_1_221' title='bbox 1121 2425 1138 2496; x_wconf 79' lang='grc' dir='ltr'><strong>ἢ</strong></span> 
     </span>
     <span class='ocr_line' id='line_1_26' title="bbox 157 2511 1179 2588; baseline 0.006 -22"><span class='ocrx_word' id='word_1_222' title='bbox 157 2511 221 2581; x_wconf 87' lang='grc' dir='ltr'>τρία</span> <span class='ocrx_word' id='word_1_223' title='bbox 248 2512 311 2569; x_wconf 78' lang='grc' dir='ltr'>οἷον</span> <span class='ocrx_word' id='word_1_224' title='bbox 338 2515 411 2570; x_wconf 85' lang='grc' dir='ltr'>κατά</span> <span class='ocrx_word' id='word_1_225' title='bbox 444 2515 600 2587; x_wconf 79' lang='grc' dir='ltr'>συμμορίαν</span> <span class='ocrx_word' id='word_1_226' title='bbox 633 2517 844 2587; x_wconf 75' lang='grc' dir='ltr'>ἀνακιρνάμενον</span> <span class='ocrx_word' id='word_1_227' title='bbox 871 2515 999 2584; x_wconf 78' lang='grc' dir='ltr'>ἀλλήλοις</span> <span class='ocrx_word' id='word_1_228' title='bbox 1026 2514 1138 2588; x_wconf 81' lang='grc' dir='ltr'>ἐρανίζῃ</span> <span class='ocrx_word' id='word_1_229' title='bbox 1153 2531 1179 2572; x_wconf 79' lang='grc' dir='ltr'>εο</span> 
     </span>
     <span class='ocr_line' id='line_1_27' title="bbox 157 2601 1139 2675; baseline 0.004 -19"><span class='ocrx_word' id='word_1_230' title='bbox 157 2601 209 2670; x_wconf 85' lang='grc' dir='ltr'>τὴν</span> <span class='ocrx_word' id='word_1_231' title='bbox 236 2603 317 2675; x_wconf 78' lang='grc' dir='ltr'>ἰσχύν</span> <span class='ocrx_word' id='word_1_232' title='bbox 344 2604 395 2673; x_wconf 88' lang='grc' dir='ltr'>τὴν</span> <span class='ocrx_word' id='word_1_233' title='bbox 422 2607 514 2660; x_wconf 79' lang='grc' dir='ltr'>πενδὼ</span> <span class='ocrx_word' id='word_1_234' title='bbox 543 2607 574 2661; x_wconf 82' lang='grc' dir='ltr'>τὸ</span> <span class='ocrx_word' id='word_1_235' title='bbox 602 2606 715 2673; x_wconf 76' lang='grc' dir='ltr'>κάλλος,</span> <span class='ocrx_word' id='word_1_236' title='bbox 748 2607 834 2661; x_wconf 84' lang='grc' dir='ltr'>ὁποῖα</span> <span class='ocrx_word' id='word_1_237' title='bbox 862 2608 910 2661; x_wconf 86' lang='grc' dir='ltr'>καί</span> <span class='ocrx_word' id='word_1_238' title='bbox 937 2606 977 2660; x_wconf 83' lang='grc' dir='ltr'>τά</span> <span class='ocrx_word' id='word_1_239' title='bbox 1005 2607 1055 2668; x_wconf 83' lang='grc' dir='ltr'>εἰς</span> <span class='ocrx_word' id='word_1_240' title='bbox 1081 2607 1139 2662; x_wconf 83' lang='grc' dir='ltr'>τὸν</span> 
     </span>
     <span class='ocr_line' id='line_1_28' title="bbox 157 2689 1139 2765; baseline 0.005 -20"><span class='ocrx_word' id='word_1_241' title='bbox 157 2689 310 2748; x_wconf 88' lang='grc' dir='ltr'>Μειδίαν</span> <span class='ocrx_word' id='word_1_242' title='bbox 342 2693 431 2762; x_wconf 83' lang='lat' dir='ltr'>(Dem.</span> <span class='ocrx_word' id='word_1_243' title='bbox 455 2703 511 2748; x_wconf 81' lang='lat' dir='ltr'>XXI</span> <span class='ocrx_word' id='word_1_244' title='bbox 537 2699 595 2763; x_wconf 78' lang='grc'>72),</span> <span class='ocrx_word' id='word_1_245' title='bbox 628 2705 704 2759; x_wconf 85' lang='grc' dir='ltr'>ταῖς</span> <span class='ocrx_word' id='word_1_246' title='bbox 735 2697 933 2764; x_wconf 78' lang='grc' dir='ltr'>ἀναφοραῖς</span> <span class='ocrx_word' id='word_1_247' title='bbox 965 2695 1048 2765; x_wconf 77' lang='grc' dir='ltr'>ὁμοῦ</span> <span class='ocrx_word' id='word_1_248' title='bbox 1082 2697 1139 2750; x_wconf 88' lang='grc' dir='ltr'>καί</span> 
     </span>
     <span class='ocr_line' id='line_1_29' title="bbox 157 2781 1137 2854; baseline 0.005 -21"><span class='ocrx_word' id='word_1_249' title='bbox 157 2787 194 2852; x_wconf 75' lang='grc' dir='ltr'>τῇ</span> <span class='ocrx_word' id='word_1_250' title='bbox 237 2781 447 2837; x_wconf 79' lang='grc' dir='ltr'>διατυπώσει</span> <span class='ocrx_word' id='word_1_251' title='bbox 489 2784 837 2854; x_wconf 75' lang='grc' dir='ltr'>συναναπεπλεγμένα</span> <span class='ocrx_word' id='word_1_252' title='bbox 879 2785 918 2838; x_wconf 86' lang='grc' dir='ltr'>τά</span> <span class='ocrx_word' id='word_1_253' title='bbox 958 2785 1137 2839; x_wconf 90' lang='grc' dir='ltr'>ἀσύνδετα.</span> 
     </span>
     <span class='ocr_line' id='line_1_30' title="bbox 159 2868 1139 2940; baseline 0.004 -18"><span class='ocrx_word' id='word_1_254' title='bbox 159 2869 280 2923; x_wconf 52' lang='grc' dir='ltr'>(πολλὰ</span> <span class='ocrx_word' id='word_1_255' title='bbox 317 2869 379 2938; x_wconf 80' lang='grc' dir='ltr'>γάρ</span> <span class='ocrx_word' id='word_1_256' title='bbox 417 2868 457 2926; x_wconf 80' lang='grc' dir='ltr'>ἀν</span> <span class='ocrx_word' id='word_1_257' title='bbox 494 2872 673 2940; x_wconf 81' lang='grc' dir='ltr'>ποιήσειεν</span> <span class='ocrx_word' id='word_1_258' title='bbox 710 2872 725 2927; x_wconf 84' lang='grc' dir='ltr'>ὁ</span> <span class='ocrx_word' id='word_1_259' title='bbox 762 2873 910 2939; x_wconf 89' lang='grc' dir='ltr'>τύπτων,</span> <span class='ocrx_word' id='word_1_260' title='bbox 948 2868 991 2928; x_wconf 82' lang='grc' dir='ltr'>ὧν</span> <span class='ocrx_word' id='word_1_261' title='bbox 1029 2873 1044 2926; x_wconf 87' lang='grc' dir='ltr'>ύ</span> <span class='ocrx_word' id='word_1_262' title='bbox 1076 2892 1139 2926; x_wconf 89' lang='grc' dir='ltr'>πα-</span> 
     </span>
     <span class='ocr_line' id='line_1_31' title="bbox 156 2957 1179 3035; baseline 0.006 -23"><span class='ocrx_word' id='word_1_263' title='bbox 156 2959 229 3013; x_wconf 82' lang='grc' dir='ltr'>θὼν</span> <span class='ocrx_word' id='word_1_264' title='bbox 262 2958 337 3012; x_wconf 83' lang='grc' dir='ltr'>ένιιι</span> <span class='ocrx_word' id='word_1_265' title='bbox 369 2957 442 3015; x_wconf 79' lang='grc' dir='ltr'>οὐδ’</span> <span class='ocrx_word' id='word_1_266' title='bbox 473 2958 513 3017; x_wconf 83' lang='grc' dir='ltr'>ἀν</span> <span class='ocrx_word' id='word_1_267' title='bbox 541 2963 749 3032; x_wconf 78' lang='grc' dir='ltr'>ἀπαγγεῖλαι</span> <span class='ocrx_word' id='word_1_268' title='bbox 777 2963 921 3018; x_wconf 86' lang='grc' dir='ltr'>δύναιτο</span> <span class='ocrx_word' id='word_1_269' title='bbox 950 2961 1065 3035; x_wconf 82' lang='grc' dir='ltr'>ἑτέρῳ,</span> <span class='ocrx_word' id='word_1_270' title='bbox 1096 2965 1179 3032; x_wconf 71' lang='grc' dir='ltr'>τῷιυ</span> 
     </span>
    </p>
   </div>
   <div class='ocr_carea' id='block_1_3' title="bbox 193 3083 627 3141">
    <p class='ocr_par' dir='ltr' id='par_1_3' title="bbox 193 3083 627 3141">
     <span class='ocr_line' id='line_1_32' title="bbox 193 3083 627 3141; baseline 0.012 -5"><span class='ocrx_word' id='word_1_271' title='bbox 193 3090 227 3136; x_wconf 83' lang='grc'>26</span> <span class='ocrx_word' id='word_1_272' title='bbox 237 3101 264 3137; x_wconf 82' lang='lat' dir='ltr'>ss</span> <span class='ocrx_word' id='word_1_273' title='bbox 283 3083 349 3138; x_wconf 86' lang='lat' dir='ltr'>uide</span> <span class='ocrx_word' id='word_1_274' title='bbox 370 3085 434 3138; x_wconf 83' lang='lat' dir='ltr'>adn.</span> <span class='ocrx_word' id='word_1_275' title='bbox 454 3085 490 3138; x_wconf 82' lang='lat' dir='ltr'>ad</span> <span class='ocrx_word' id='word_1_276' title='bbox 510 3085 542 3138; x_wconf 90' lang='lat' dir='ltr'>fr.</span> <span class='ocrx_word' id='word_1_277' title='bbox 564 3089 627 3141; x_wconf 71' lang='lat' dir='ltr'>ub.</span> 
     </span>
    </p>
   </div>
   <div class='ocr_carea' id='block_1_4' title="bbox 120 3242 1138 3457">
    <p class='ocr_par' dir='ltr' id='par_1_4' title="bbox 120 3242 1138 3457">
     <span class='ocr_line' id='line_1_33' title="bbox 193 3242 1138 3314; baseline 0.001 -16"><span class='ocrx_word' id='word_1_278' title='bbox 193 3250 208 3302; x_wconf 82' lang='grc'><strong>6</strong></span> <span class='ocrx_word' id='word_1_279' title='bbox 228 3244 265 3306; x_wconf 82' lang='grc' dir='ltr'>ὡς</span> <span class='ocrx_word' id='word_1_280' title='bbox 282 3243 310 3297; x_wconf 85' lang='grc' dir='ltr'>οἱ</span> <span class='ocrx_word' id='word_1_281' title='bbox 326 3243 424 3312; x_wconf 77' lang='lat' dir='ltr'>Faber,</span> <span class='ocrx_word' id='word_1_282' title='bbox 444 3242 510 3301; x_wconf 83' lang='grc' dir='ltr'>ὅσον</span> <span class='ocrx_word' id='word_1_283' title='bbox 529 3246 608 3300; x_wconf 82' lang='lat' dir='ltr'>liber.</span> <span class='ocrx_word' id='word_1_284' title='bbox 699 3245 926 3314; x_wconf 78' lang='grc' dir='ltr'>παροξυνθέντες</span> <span class='ocrx_word' id='word_1_285' title='bbox 943 3247 1047 3313; x_wconf 72' lang='lat' dir='ltr'>Morus,</span> <span class='ocrx_word' id='word_1_286' title='bbox 1065 3265 1138 3314; x_wconf 85' lang='grc' dir='ltr'>παρ-</span> 
     </span>
     <span class='ocr_line' id='line_1_34' title="bbox 120 3315 1138 3387; baseline 0.003 -18"><span class='ocrx_word' id='word_1_287' title='bbox 120 3315 268 3380; x_wconf 80' lang='grc' dir='ltr'>οξύνοντες</span> <span class='ocrx_word' id='word_1_288' title='bbox 283 3315 363 3369; x_wconf 84' lang='lat' dir='ltr'><strong>liber.</strong></span> <span class='ocrx_word' id='word_1_289' title='bbox 438 3322 479 3370; x_wconf 90' lang='grc'>12.</span> <span class='ocrx_word' id='word_1_290' title='bbox 496 3322 528 3370; x_wconf 83' lang='grc'>13</span> <span class='ocrx_word' id='word_1_291' title='bbox 547 3318 577 3370; x_wconf 90' lang='lat' dir='ltr'>in</span> <span class='ocrx_word' id='word_1_292' title='bbox 591 3318 694 3372; x_wconf 75' lang='lat' dir='ltr'><strong>lacuna</strong></span> <span class='ocrx_word' id='word_1_293' title='bbox 708 3317 812 3387; x_wconf 81' lang='lat' dir='ltr'>figuras</span> <span class='ocrx_word' id='word_1_294' title='bbox 827 3318 1008 3386; x_wconf 80' lang='grc' dir='ltr'>διατύπωσιν,</span> <span class='ocrx_word' id='word_1_295' title='bbox 1027 3319 1138 3386; x_wconf 84' lang='grc' dir='ltr'>ἀναφο-</span> 
     </span>
     <span class='ocr_line' id='line_1_35' title="bbox 121 3385 1136 3457; baseline 0 -17"><span class='ocrx_word' id='word_1_296' title='bbox 121 3386 189 3455; x_wconf 79' lang='grc' dir='ltr'>ράν,</span> <span class='ocrx_word' id='word_1_297' title='bbox 213 3385 419 3442; x_wconf 75' lang='grc' dir='ltr'>πολυσύνδετον</span> <span class='ocrx_word' id='word_1_298' title='bbox 442 3389 580 3443; x_wconf 71' lang='lat' dir='ltr'><strong>tractatas</strong></span> <span class='ocrx_word' id='word_1_299' title='bbox 604 3405 664 3444; x_wconf 81' lang='lat' dir='ltr'>esso</span> <span class='ocrx_word' id='word_1_300' title='bbox 688 3389 812 3444; x_wconf 73' lang='lat' dir='ltr'>Mmens</span> <span class='ocrx_word' id='word_1_301' title='bbox 831 3388 849 3441; x_wconf 93' lang='lat' dir='ltr'>l.</span> <span class='ocrx_word' id='word_1_302' title='bbox 870 3406 890 3442; x_wconf 86' lang='grc' dir='ltr'>ε.</span> <span class='ocrx_word' id='word_1_303' title='bbox 910 3406 937 3457; x_wconf 88' lang='lat' dir='ltr'>p.</span> <span class='ocrx_word' id='word_1_304' title='bbox 959 3395 991 3443; x_wconf 81' lang='grc'>16</span> <span class='ocrx_word' id='word_1_305' title='bbox 1007 3391 1036 3443; x_wconf 78' lang='grc' dir='ltr'>εί</span> <span class='ocrx_word' id='word_1_306' title='bbox 1056 3394 1136 3454; x_wconf 84' lang='grc'>16,1</span> 
     </span>
    </p>
   </div>
   <div class='ocr_carea' id='block_1_5' title="bbox 121 3453 1139 3666">
    <p class='ocr_par' dir='ltr' id='par_1_5' title="bbox 121 3453 1139 3666">
     <span class='ocr_line' id='line_1_36' title="bbox 121 3453 1139 3529; baseline 0.003 -18"><span class='ocrx_word' id='word_1_307' title='bbox 121 3458 275 3512; x_wconf 75' lang='grc' dir='ltr'>οοιιίεοδίί.</span> <span class='ocrx_word' id='word_1_308' title='bbox 348 3463 382 3511; x_wconf 89' lang='grc'>20</span> <span class='ocrx_word' id='word_1_309' title='bbox 397 3453 484 3524; x_wconf 75' lang='grc' dir='ltr'>ἧσσον</span> <span class='ocrx_word' id='word_1_310' title='bbox 498 3457 617 3528; x_wconf 81' lang='lat' dir='ltr'>Vahlen,</span> <span class='ocrx_word' id='word_1_311' title='bbox 632 3455 718 3529; x_wconf 77' lang='grc' dir='ltr'>ᾖσσον</span> <span class='ocrx_word' id='word_1_312' title='bbox 732 3459 811 3514; x_wconf 80' lang='lat' dir='ltr'>liber.</span> <span class='ocrx_word' id='word_1_313' title='bbox 882 3465 915 3513; x_wconf 88' lang='grc'>22</span> <span class='ocrx_word' id='word_1_314' title='bbox 931 3460 1139 3528; x_wconf 82' lang='grc' dir='ltr'>συνδιωκούσνγς</span> 
     </span>
     <span class='ocr_line' id='line_1_37' title="bbox 121 3528 1137 3666; baseline 0.002 -84"><span class='ocrx_word' id='word_1_315' title='bbox 121 3528 455 3666; x_wconf 50' lang='grc' dir='ltr'>ξ’ἱὶίέεἷέὴιέιγνδιοικούσης</span> <span class='ocrx_word' id='word_1_316' title='bbox 473 3530 551 3584; x_wconf 82' lang='lat' dir='ltr'>liber.</span> <span class='ocrx_word' id='word_1_317' title='bbox 633 3537 666 3585; x_wconf 75' lang='lat'>25</span> <span class='ocrx_word' id='word_1_318' title='bbox 686 3529 843 3599; x_wconf 74' lang='grc' dir='ltr'>συμμορίαν</span> <span class='ocrx_word' id='word_1_319' title='bbox 862 3530 1014 3597; x_wconf 75' lang='lat' dir='ltr'><strong>Manutius,</strong></span> <span class='ocrx_word' id='word_1_320' title='bbox 1035 3546 1137 3600; x_wconf 89' lang='grc' dir='ltr'>συμμο-</span> 
     </span>
    </p>
   </div>
   <div class='ocr_carea' id='block_1_6' title="bbox 0 0 1338 3912">
    <p class='ocr_par' dir='ltr' id='par_1_6' title="bbox 0 0 1338 3912">
     <span class='ocr_line' id='line_1_38' title="bbox 0 0 1338 3912; baseline 0 0"><span class='ocrx_word' id='word_1_321' title='bbox 0 0 1338 3912; x_wconf 95' lang='lat' dir='ltr'> </span> 
     </span>
    </p>
   </div>
  </div>
 </body>
</html>
