2666 3910
142 1077 183 1146 ΙΙ.
223 1077 270 1146 lte
296 1077 512 1163 grauissimis
532 1076 670 1148 Gaeoilii
698 1077 965 1164 fragmentorum
993 1078 1155 1194 fontibus.

207 1253 273 1312 Iam
292 1254 330 1312 ad
349 1255 475 1314 alteram
492 1257 608 1332 partem
625 1256 720 1314 multo
739 1257 909 1332 grauiorem
926 1275 1028 1333 pergo,
1047 1255 1078 1313 in
1096 1275 1156 1332 qua

141 1362 237 1420 panea
257 1344 293 1403 de
311 1343 490 1420 auctoribus,
514 1345 566 1420 qui
586 1343 756 1404 Caeciliana
779 1345 864 1404 nobis
884 1347 1086 1420 seruauerunt,
1108 1365 1155 1403 ex·

140 1433 277 1508 ponenda
300 1437 378 1492 sunt.

268 1633 318 1688 De
342 1633 651 1703 Pseudopluterohi
677 1635 760 1690 uitis
785 1635 817 1690 X
840 1637 1024 1691 oratorum.

207 1772 252 1832 De
271 1771 454 1846 oommeroio,
478 1772 566 1848 quale
585 1772 677 1831 fuerit
699 1771 778 1832 inter
796 1773 1102 1850 Pseudoplutarohum
1125 1777 1157 1833 et

140 1859 311 1935 anoihnm,
325 1861 532 1921 constituendo
546 1863 608 1920 uiri
622 1862 703 1921 dooti
716 1864 747 1920 in
762 1863 863 1922 uarias
878 1865 1033 1938 opiniones
1048 1863 1162 1938 disces-¹

139 1953 242 2009 serunt
269 1953 299 2009 et
322 1950 483 2009 discedunt.
532 1951 612 2010 Haeo
637 1952 830 2029 inuestigatis
853 1954 964 2011 iterum
986 1953 1154 2029 iterumque

140 2041 257 2117 agitata
293 2040 342 2098 uel
377 2039 465 2099 hodie
503 2038 540 2098 ad
577 2040 665 2099 finem
703 2043 817 2100 eertum
850 2061 910 2100 non
943 2042 1069 2101 deducta
1102 2045 1154 2102 est.

138 2129 246 2206 Itaque
267 2129 345 2188 hano
367 2131 572 2206 quaestionem
594 2131 811 2190 intricationem
834 2131 891 2189 hoe
913 2131 977 2190 loeo
1002 2131 1155 2190 absoluere

138 2237 198 2277 non
225 2238 359 2294 possum,
389 2239 426 2277 ne
454 2220 588 2277 omnium
614 2220 734 2295 quidem
756 2221 890 2278 uirorum
914 2220 1068 2279 doctorum
1091 2222 1153 2297 opi·

138 2308 241 2366 niones
259 2310 392 2384 repetere
411 2309 441 2366 et
458 2327 608 2368 recensere
615 2299 654 2388 ¹):
678 2308 729 2367 sed
747 2311 851 2384 paucis
869 2330 932 2368 rem
951 2311 1154 2387 perstringens

69 2445 71 2451 ,
138 2396 283 2456 nonnulla
305 2416 398 2473 eaque
421 2397 548 2474 probata
571 2399 601 2456 et
624 2399 804 2474 grauissima
826 2399 983 2474 proferam.
1025 2399 1153 2458 Demon-

138 2488 265 2546 stratum
279 2486 374 2564 igitur
388 2505 451 2546 ease
465 2489 602 2547 existimo
618 2507 660 2563 ea,
670 2506 747 2564 quae
758 2487 837 2564 apud
846 2488 1154 2564 Pseudoplutarohum

137 2576 273 2652 legimus,
299 2594 334 2633 ex
356 2575 489 2635 fontibus
512 2576 638 2636 diuersis
661 2577 843 2636 confluxisse.
889 2576 972 2636 Haeo
994 2579 1153 2653 permixtio

137 2684 172 2723 ex
199 2665 282 2723 nullo
311 2665 413 2724 ordine
442 2667 495 2723 aut
522 2665 638 2724 delectu
665 2666 787 2742 pendet,
817 2685 887 2724 nam
915 2667 1052 2725 omnibus
1079 2667 1153 2726 loeis

136 2755 241 2812 insunt
266 2755 397 2832 uestigia
423 2755 608 2832 neglegentis
636 2755 852 2832 compilatoriS,
883 2757 937 2832 qui
964 2757 1060 2816 fontes
1084 2775 1152 2815 suos

137 2843 221 2901 nulla
252 2844 368 2902 ratione
402 2844 536 2903 adhibita
567 2844 705 2904 exsoribit
734 2847 764 2904 et
795 2845 958 2921 particulas
991 2847 1153 2921 componit,

138 2933 276 3008 quamuis
307 2951 433 2992 conexus
465 2936 681 2993 sententiarum
712 2933 860 3008 turbetur,
899 2936 1035 3009 quamuis
1071 2937 1152 2994 iutra

136 3041 231 3080 unum
261 3021 323 3081 fere
355 3022 543 3082 enuntiatum
576 3023 778 3084 diuersissima
808 3023 1037 3083 confundantur.
1087 3023 1152 3082 Iam

210 3245 235 3314 1)
259 3245 374 3300 Ptaeter
396 3245 472 3299 uiros
496 3245 593 3300 dootos
617 3264 702 3316 supra
724 3247 754 3300 in
779 3248 931 3316 conspeetu
949 3245 1051 3301 allatos
1069 3245 1152 3299 multi

138 3315 188 3369 alii
211 3315 278 3370 huie
301 3317 461 3386 quaestioni
484 3335 597 3386 operam
622 3319 772 3386 dederunt3
801 3319 850 3386 qui
873 3318 981 3372 nullam
999 3318 1151 3370 utilitatem

137 3385 208 3440 mihi
226 3387 423 3456 praebuerunt.
455 3388 517 3442 Huc
537 3391 677 3458 spectent:
697 3391 729 3443 R.
740 3389 911 3444 Ballheimer
926 3389 972 3442 ‘de
987 3389 1070 3442 Photi
1084 3388 1151 3442 uitis

137 3457 162 3511 X
181 3460 333 3512 oratorum'
359 3459 430 3514 Diss.
460 3460 646 3526 Bonn.1877;
670 3461 743 3515 Guil.
764 3461 856 3515 Sturm
881 3461 928 3514 ‘de
952 3459 1076 3513 fontibus
1098 3459 1151 3512 De-

136 3529 328 3584 mosthenioae
337 3531 472 3584 historiae
481 3532 659 3600 quaestiones
668 3533 751 3586 duae’
763 3533 835 3586 Dies.
850 3531 1003 3598 Hal.1881;
1014 3531 1151 3584 A.Prasse

139 3601 186 3655 ‘de
195 3599 342 3656 Plutarchi
352 3618 425 3672 quae
434 3603 562 3656 feruntur
571 3603 836 3658 uitieXoratorum'
852 3603 924 3656 Dies.
943 3601 1150 3672 Marp.1891al.
