2666 3912
319 248 393 298 VIII.
410 247 685 298 ’ΣΤΙΤΡΑΜΜΑΤΑ
704 247 804 298 ΤΠΕΡ
821 247 967 298 ΑΤΣΙΟΤ
1088 245 1148 310 131

177 405 339 475 τεθειμένος
367 402 394 459 δ
426 405 487 460 ούκ
521 403 617 474 ὀλίγα
645 407 695 459 καλ
723 401 807 468 αὐτὸς
835 404 1060 474 ἁμαρτήματα
1092 407 1150 460 καί

176 493 321 564 Ὁμήρου
344 495 401 548 καί
424 503 489 549 τῶν
512 494 634 563 ἄλλων,
659 493 731 550 ὅσοι
756 494 921 564 μέγιστοι,
949 494 1007 549 καί
1029 492 1150 562 ἥκιστα

151 597 152 606 ’
176 594 250 647 τοϊς
271 581 480 652 πταίσμασιν
504 581 746 652 ἀρεσκόμενος,
773 582 847 653 ὅμως
870 583 902 638 δὲ
926 585 976 654 ούχ
999 583 1150 652 ἁμαρτή-

132 723 135 732 ,
178 693 265 743 ματα
284 675 387 742 μᾶλλον
406 671 493 726 αύτδι
511 672 653 727 ἑκούσια
671 676 764 727 καλῶν
783 671 800 740 ἢ
819 661 1007 741 παροράματα
1024 669 1067 728 δι’
1084 673 1150 742 άμέ-

177 765 255 816 λειαυ
278 763 339 831 εἰκῆ
363 780 419 816 που
443 763 491 815 καλ
510 761 548 824 ὡς
566 761 660 832 ἔτυχεν
679 758 734 816 ύπὸ
754 761 944 832 μεγαλοφυΐας
962 761 1150 824 ἀνεπιστάτως
1176 774 1190 816 5

177 850 420 920 παρευηνεγμέυα,
445 848 530 905 ούδέν
548 844 632 916 ἧττον
651 845 730 920 οἶμαι
748 849 807 913 τὰς
831 848 991 920 μείζονας
1014 849 1149 918 άρετάς,

177 940 203 994 εί
225 939 273 993 καί
292 939 335 1008 μὴ
360 939 394 994 έν
416 947 499 994 πᾶσι
522 937 771 1008 διομαλίζοιευ,
794 939 846 1008 τὴν
868 948 918 994 τοῦ
937 937 1075 1006 πρωτείου
1093 949 1149 1010 ψῆ·

177 1047 233 1097 φον
259 1031 363 1097 μᾶλλον
388 1028 433 1082 ἀεὶ
456 1025 607 1096 φέρεσθαι,
633 1025 688 1083 κάν
712 1029 737 1082 εί
760 1027 796 1098 μὴ
820 1025 860 1082 δι’
882 1025 944 1090 ἑνός
968 1027 1076 1096 ἑτέρου,
1101 1037 1151 1098 τῆς

177 1116 423 1186 μεγαλοφροσύνης
441 1117 528 1186 αύτης
547 1115 640 1170 ἕνεκα
661 1114 797 1187 έπείτοιγε
816 1118 865 1171 καί
883 1117 1008 1180 άπτωτος
1023 1115 1038 1172 ὁ
1055 1113 1150 1172 Ἀπολ·

140 1242 143 1251 ,
176 1207 275 1268 λάνιος
302 1205 333 1260 έν
359 1214 418 1268 τοῖς
440 1201 635 1275 Ἀργοναύταις
661 1205 779 1274 ποιητὴς
805 1206 860 1260 κάν
887 1215 946 1268 τοῖς
973 1207 1149 1278 βουκολικοῖς
1163 1221 1189 1260 1⁰

176 1293 249 1363 πλὴν
268 1292 367 1364 ὀλίγων
385 1302 442 1348 τῶν
460 1293 566 1360 έξωθευ
586 1293 600 1347 ό
622 1291 772 1362 Θεόκριτος
791 1293 1011 1365 ἐπιτυχέστατος·
1032 1289 1081 1363 ἆρ’
1098 1291 1150 1350 ούυ

176 1382 271 1455 <ούχ>
292 1379 413 1452 Ὅμηρος
438 1380 476 1436 διν
501 1387 604 1451 μᾶλλον
630 1381 647 1451 ἢ
669 1379 848 1446 Ἀπολλώνιος
873 1383 981 1446 ἐθέλοις
1004 1383 1149 1453 γενέσθαι,

165 1477 213 1542 (ὅ)
232 1470 260 1526 τί
278 1471 309 1526 δὲ
328 1468 533 1541 Ἐρατοσθένης
552 1471 582 1526 έν
599 1476 634 1544 τῇ
645 1468 794 1544 Ἠριγόνης
813 1472 862 1526 διὰ
876 1471 990 1526 πάντων
1006 1471 1059 1542 γάρ
1075 1473 1149 1542 ἀμά-

150 1596 154 1604 ·
176 1582 263 1632 μητον
288 1562 291 1632 l
314 1557 345 1614 τὸ
373 1560 542 1629 ποιημάτιον
569 1557 723 1632 Ἀρχιλόχου
751 1561 839 1615 πολλὰ
867 1563 916 1615 καὶ
943 1558 1150 1630 άνοικσυόμητα
1165 1568 1198 1616 62
1213 1562 1245 1618 V.

175 1651 387 1719 παρασύρουτος
412 1669 427 1703 ε
454 1648 587 1718 κάκείνης
609 1657 658 1719 της
681 1651 796 1721 ἐκβολῆς
816 1659 867 1704 τοῦ
891 1649 1040 1720 δαιμονίου
1063 1652 1148 1705 πυεύ-
1164 1667 1188 1707 15

176 1760 262 1809 ματος
281 1737 317 1806 ἣν
335 1735 390 1793 ὑπὸ
410 1735 498 1807 νόμον
515 1738 599 1804 τάξαι
618 1738 762 1807 δύσκολον,
779 1733 838 1807 Ιάρα
855 1739 891 1808 δὴ
906 1737 1005 1808 μείζων
1019 1739 1147 1808 ποιητής;

174 1827 202 1883 τί
227 1825 256 1882 δ’
277 1829 308 1883 έν
334 1827 424 1896 μέλεσι
450 1830 554 1896 μᾶλλον
580 1824 617 1882 διν
643 1821 717 1881 εἶναι
740 1825 915 1898 Βακχυλίδης
941 1827 1014 1882 έλοιο
1040 1825 1149 1896 luiv-

176 1921 263 1984 δαρος
288 1917 336 1970 καί
362 1917 393 1971 έν
418 1914 562 1990 τραγῳδίᾳ
582 1913 647 1970 Ἴων
673 1915 777 1978 δΧῑος
803 1913 820 1984 ἢ
846 1917 881 1986 νὴ
907 1915 965 1971 Δία
990 1921 1148 1986 Σοφοκλῆς,

176 2005 272 2074 ἐπειδὴ
292 2005 319 2060 σί
337 2004 388 2074 μὲν
405 2004 579 2060 άδιάπτωτοι
597 2006 646 2059 καί
665 2006 696 2060 έν
713 2009 752 2078 τῷ
767 2009 901 2079 γλαφυρῷ
915 2005 1007 2075 πάντη
1022 2010 1147 2061 κεκαλλι-

176 2093 364 2164 γραφημέυοι,
390 2091 404 2148 ὁ
432 2092 462 2148 δὲ
482 2091 627 2162 Πίνδαρος
652 2095 701 2148 καί
727 2092 912 2164 δΣοφοκλῆς
937 2093 982 2149 ὁτέ
1009 2093 1059 2164 μέν
1085 2092 1147 2149 οἶον
1161 2112 1188 2151 ιο

175 2183 269 2238 πάντα
288 2181 466 2252 έπιφλέγουσι
483 2186 517 2254 τῇ
537 2187 626 2257 φορᾷ,
652 2181 818 2254 σβέννυνται
836 2179 865 2236 δ’
887 2181 993 2253 ἀλόγως
1016 2183 1148 2246 πολλάκις

175 2273 224 2326 καί
252 2269 402 2326 πίπτουσιν
429 2271 607 2342 άτυχέστατα.
652 2269 670 2340 ἢ
699 2272 792 2334 υύδείς
820 2269 856 2327 διν
884 2269 915 2327 εύ
943 2281 1057 2341 φρονῶν
1085 2271 1148 2335 ἑνὸς

175 2359 331 2429 δράματος,
349 2369 399 2414 τού
421 2358 590 2428 Οἰδίποδος,
608 2360 649 2423 είς
665 2358 751 2416 ταύτὸ
771 2362 886 2423 συνθείς
903 2361 938 2414 τὰ
954 2358 1052 2424 Ἴωνος
1070 2362 1147 2416 άντι-

174 2448 318 2518 τιμοίσαιτο
338 2449 413 2518 έξῆς;
450 2450 487 2518 (1)
506 2448 531 2502 εί
550 2445 578 2502 δ’
600 2450 750 2522 ἀριθμῷ,
777 2449 813 2518 μὴ
832 2454 871 2523 τῷ
890 2449 1003 2520 μεγέθει
1022 2448 1145 2520 κρίνοιτο
1160 2461 1260 2507 XXXIV

152 2567 155 2574 ·
174 2537 215 2592 τά
238 2538 504 2605 κατορθώματα,
528 2535 615 2599 ούτως
634 2535 671 2591 ἂν
689 2539 737 2592 καλ
753 2535 899 2607 Ὑπερίδης
916 2543 955 2612 τῷ
974 2541 1059 2594 παντί
1078 2559 1147 2608 προ·
1161 2555 1187 2596 25

175 2626 234 2698 ε’χοι
246 2625 456 2695 Δημοσθένους.
489 2626 562 2680 έστιν
580 2625 633 2696 γάρ
653 2627 740 2680 αύτοῦ
759 2625 990 2697 πολυφωνότερος
1008 2630 1057 2683 καί
1070 2627 1146 2683 πλεί-

129 2743 133 2758 ·
176 2736 225 2778 ους
243 2715 344 2783 ἀρετάς
363 2715 441 2785 έχων,
460 2716 509 2768 καί
529 2712 629 2786 σχεδὸν
647 2714 773 2784 ύπακρος
792 2716 823 2771 έν
841 2725 927 2771 πᾶσιν
942 2716 1008 2780 ὡςὸ
1026 2717 1029 2789 l
1045 2718 1147 2773 πέντα-
1162 2724 1195 2772 63
1211 2720 1244 2774 V.

151 2837 154 2848 ‹
175 2807 252 2872 θλος,
271 2801 339 2858 ὥστε
357 2813 413 2858 τῶν
432 2804 482 2872 μέν
501 2802 644 2872 πρωτείων
663 2804 693 2859 έν
710 2804 798 2860 άπασι
811 2815 867 2861 τῶν
881 2805 971 2861 άλλων
986 2807 1147 2875 ἀγωνιστῶν

146 2937 149 2943 .
175 2892 330 2961 λείπεσθαι,
348 2893 500 2962 πρωτεύειν
520 2892 551 2949 δέ
568 2902 624 2949 τῶν
644 2894 770 2948 ἰδιωτῶν.
805 2898 842 2965 (2)
861 2894 876 2950 ὁ
892 2893 942 2964 μέν
956 2914 987 2964 γε
1001 2893 1147 2964 Ὑπερίδης

175 2980 246 3050 πρὸς
271 2986 311 3056 τῷ
336 2981 430 3037 πάντα
458 2981 509 3048 ἔξω
537 3002 567 3052 γε
594 2990 646 3052 τῆς
672 2983 829 3048 συνθέσεως
856 2988 1003 3054 μιμεῖσθαι
1029 2984 1064 3038 τά
1087 2990 1146 3053 Δη-
1160 3001 1186 3040 30

175 3071 327 3141 μοσθέυεια
348 3073 555 3141 κατορθώματα
574 3074 622 3126 καί
640 3072 691 3136 τὰς
708 3074 852 3138 Λυσιακὰς
872 3075 901 3129 έκ
920 3083 1049 3141 περιττοῦ
1068 3093 1146 3141 περι-

202 3274 217 3322 6
237 3266 339 3335 ἀρετάς
355 3267 448 3336 Ροίεε,
467 3267 560 3330 αἰτίας
578 3269 656 3322 liber.
746 3274 769 3321 9.
792 3274 824 3321 10
843 3264 972 3322 ἀπόλλων
989 3277 1048 3332 τοῖς
1065 3267 1145 3335 liber,

130 3357 198 3394 0011.
219 3339 349 3408 Spengel.
433 3345 465 3392 12
485 3340 537 3409 ούχ
556 3340 619 3394 add.
640 3339 735 3394 Cobet.
824 3346 856 3392 14
879 3336 1028 3410 Ἀρχιλόχου
1047 3340 1145 3392 Mann-

128 3411 196 3479 tius,
214 3409 362 3534 ἀρχχίλοχον
380 3410 459 3464 liber.
560 3416 593 3464 15
612 3411 825 3478 παρασύρουτος
842 3410 994 3477 Manutius,
1019 3411 1145 3479 παρασύ-

130 3501 231 3551 ροντας
260 3482 329 3535 ibet.
408 3485 473 3550 post
490 3481 702 3550 παρασύροντος
719 3482 830 3538 Vahlen
848 3482 918 3536 haec
936 3483 995 3538 fere
1014 3482 1145 3551 supplere

128 3554 203 3608 uult:
233 3553 291 3627 (τῷ
321 3549 412 3623 όοθίω
438 3561 488 3622 της
516 3554 635 3627 φορᾶς).
729 3561 761 3608 16
786 3553 884 3624 μείζων
903 3553 1026 3621 Vahlen,
1052 3558 1145 3622 μεῖζον

129 3625 208 3680 liber.
284 3629 317 3678 ιι
337 3609 450 3695 μεγέθει
468 3626 608 3693 Peneius,
628 3627 730 3694 ειηεεε
747 3625 826 3680 fiber.

949 3714 983 3768 9*
