<?xml version="1.0" encoding="UTF-8"?>
<!DOCTYPE html PUBLIC "-//W3C//DTD XHTML 1.0 Transitional//EN"
    "http://www.w3.org/TR/xhtml1/DTD/xhtml1-transitional.dtd">
<html xmlns="http://www.w3.org/1999/xhtml" xml:lang="en" lang="en">
 <head>
  <title>
</title>
<meta http-equiv="Content-Type" content="text/html;charset=utf-8" />
  <meta name='ocr-system' content='tesseract 3.04.00' />
  <meta name='ocr-capabilities' content='ocr_page ocr_carea ocr_par ocr_line ocrx_word'/>
</head>
<body>
  <div class='ocr_page' id='page_1' title='image "./caeciliicalacti00caecgoog_0146.png"; bbox 0 0 2666 3912; ppageno 0'>
   <div class='ocr_carea' id='block_1_1' title="bbox 143 223 1125 296">
    <p class='ocr_par' dir='ltr' id='par_1_1' title="bbox 143 223 1125 296">
     <span class='ocr_line' id='line_1_1' title="bbox 143 223 1125 296; baseline -0.006 -6"><span class='ocrx_word' id='word_1_1' title='bbox 143 239 202 290; x_wconf 84' lang='lat' dir='ltr'>Vll.</span> <span class='ocrx_word' id='word_1_2' title='bbox 222 237 310 286; x_wconf 84' lang='grc' dir='ltr'><strong>ΠΕΡΙ</strong></span> <span class='ocrx_word' id='word_1_3' title='bbox 327 236 403 287; x_wconf 79' lang='grc' dir='ltr'>ΤΟΤ</span> <span class='ocrx_word' id='word_1_4' title='bbox 420 235 662 288; x_wconf 79' lang='grc' dir='ltr'><strong>ΧΑΡΑΚΤΗΡΟΣ</strong></span> <span class='ocrx_word' id='word_1_5' title='bbox 680 233 755 284; x_wconf 78' lang='grc' dir='ltr'>ΤΩΝ</span> <span class='ocrx_word' id='word_1_6' title='bbox 773 235 868 285; x_wconf 85' lang='grc' dir='ltr'>ΔΕΚΑ</span> <span class='ocrx_word' id='word_1_7' title='bbox 886 233 1058 285; x_wconf 83' lang='grc' dir='ltr'>ΡΗΤΟΡΩΝ</span> <span class='ocrx_word' id='word_1_8' title='bbox 1092 223 1125 296; x_wconf 59' lang='grc'>[</span> 
     </span>
    </p>
   </div>
   <div class='ocr_carea' id='block_1_2' title="bbox 138 395 1198 1428">
    <p class='ocr_par' dir='ltr' id='par_1_2' title="bbox 138 395 1197 1175">
     <span class='ocr_line' id='line_1_2' title="bbox 140 395 1157 462; baseline -0.002 -13"><span class='ocrx_word' id='word_1_9' title='bbox 140 397 217 450; x_wconf 76' lang='grc' dir='ltr'>ἄλλοι</span> <span class='ocrx_word' id='word_1_10' title='bbox 235 413 266 450; x_wconf 88' lang='grc' dir='ltr'>τε</span> <span class='ocrx_word' id='word_1_11' title='bbox 284 398 381 449; x_wconf 78' lang='grc' dir='ltr'>πολλοὶ</span> <span class='ocrx_word' id='word_1_12' title='bbox 401 399 445 449; x_wconf 87' lang='grc' dir='ltr'>καῖ</span> <span class='ocrx_word' id='word_1_13' title='bbox 463 397 598 461; x_wconf 91' lang='grc' dir='ltr'>Τιμόθεος</span> <span class='ocrx_word' id='word_1_14' title='bbox 617 397 633 448; x_wconf 99' lang='lat'>6</span> <span class='ocrx_word' id='word_1_15' title='bbox 652 395 789 461; x_wconf 85' lang='grc' dir='ltr'>Κόνωνος,</span> <span class='ocrx_word' id='word_1_16' title='bbox 812 396 860 448; x_wconf 90' lang='grc' dir='ltr'>ςὺν</span> <span class='ocrx_word' id='word_1_17' title='bbox 879 395 902 462; x_wconf 82' lang='grc' dir='ltr'>ᾧ</span> <span class='ocrx_word' id='word_1_18' title='bbox 923 397 967 448; x_wconf 84' lang='grc' dir='ltr'>καλ</span> <span class='ocrx_word' id='word_1_19' title='bbox 984 396 1089 448; x_wconf 85' lang='grc' dir='ltr'>πολλὰς</span> <span class='ocrx_word' id='word_1_20' title='bbox 1106 395 1157 448; x_wconf 93' lang='grc' dir='ltr'>πό-</span> 
     </span>
     <span class='ocr_line' id='line_1_3' title="bbox 139 483 1157 552; baseline -0.003 -13"><span class='ocrx_word' id='word_1_21' title='bbox 139 489 195 539; x_wconf 90' lang='grc' dir='ltr'>λεις</span> <span class='ocrx_word' id='word_1_22' title='bbox 213 486 324 552; x_wconf 80' lang='grc' dir='ltr'>ἐπῆλθε,</span> <span class='ocrx_word' id='word_1_23' title='bbox 344 487 477 538; x_wconf 86' lang='grc' dir='ltr'>ςυντιθεῖς</span> <span class='ocrx_word' id='word_1_24' title='bbox 494 486 544 538; x_wconf 86' lang='grc' dir='ltr'>τὰς</span> <span class='ocrx_word' id='word_1_25' title='bbox 562 485 632 550; x_wconf 88' lang='grc' dir='ltr'>πρός</span> <span class='ocrx_word' id='word_1_26' title='bbox 647 483 810 550; x_wconf 78' lang='grc' dir='ltr'>Ἀθηναίου(</span> <span class='ocrx_word' id='word_1_27' title='bbox 829 485 884 538; x_wconf 86' lang='grc' dir='ltr'>ὑπὸ</span> <span class='ocrx_word' id='word_1_28' title='bbox 898 485 1035 549; x_wconf 84' lang='grc' dir='ltr'>Τιμοθέου</span> <span class='ocrx_word' id='word_1_29' title='bbox 1051 500 1157 548; x_wconf 89' lang='grc' dir='ltr'>πεμπο-</span> 
     </span>
     <span class='ocr_line' id='line_1_4' title="bbox 140 573 1156 641; baseline -0.002 -14"><span class='ocrx_word' id='word_1_30' title='bbox 140 576 224 640; x_wconf 87' lang='grc' dir='ltr'>μένας</span> <span class='ocrx_word' id='word_1_31' title='bbox 242 575 394 640; x_wconf 89' lang='grc' dir='ltr'>έπιςτολάς,</span> <span class='ocrx_word' id='word_1_32' title='bbox 413 575 479 627; x_wconf 83' lang='grc' dir='ltr'>ὅθεν</span> <span class='ocrx_word' id='word_1_33' title='bbox 498 573 659 639; x_wconf 81' lang='grc' dir='ltr'>ἐδωρὴςατο</span> <span class='ocrx_word' id='word_1_34' title='bbox 678 574 755 641; x_wconf 80' lang='grc' dir='ltr'>αὐτῷ</span> <span class='ocrx_word' id='word_1_35' title='bbox 769 573 907 626; x_wconf 88' lang='grc' dir='ltr'>τάλαντον</span> <span class='ocrx_word' id='word_1_36' title='bbox 920 573 1049 627; x_wconf 85' lang='grc' dir='ltr'>τῶνάπὸ</span> <span class='ocrx_word' id='word_1_37' title='bbox 1064 573 1156 638; x_wconf 84' lang='grc' dir='ltr'>(άμου</span> 
     </span>
     <span class='ocr_line' id='line_1_5' title="bbox 140 661 1157 730; baseline -0.002 -14"><span class='ocrx_word' id='word_1_38' title='bbox 140 664 370 729; x_wconf 84' lang='grc' dir='ltr'>περιγενομένων.</span> <span class='ocrx_word' id='word_1_39' title='bbox 404 663 572 729; x_wconf 87' lang='grc' dir='ltr'>ἐμαθήτευςε</span> <span class='ocrx_word' id='word_1_40' title='bbox 596 661 621 714; x_wconf 82' lang='grc' dir='ltr'>δ’</span> <span class='ocrx_word' id='word_1_41' title='bbox 639 663 716 730; x_wconf 80' lang='grc' dir='ltr'>αὐτῷ</span> <span class='ocrx_word' id='word_1_42' title='bbox 740 664 785 714; x_wconf 82' lang='grc' dir='ltr'>καῖ</span> <span class='ocrx_word' id='word_1_43' title='bbox 804 662 971 727; x_wconf 91' lang='grc' dir='ltr'>Θεόπομπος</span> <span class='ocrx_word' id='word_1_44' title='bbox 991 663 1007 714; x_wconf 93' lang='lat'>6</span> <span class='ocrx_word' id='word_1_45' title='bbox 1026 663 1090 716; x_wconf 88' lang='grc' dir='ltr'>Χῖος</span> <span class='ocrx_word' id='word_1_46' title='bbox 1113 664 1157 714; x_wconf 82' lang='grc' dir='ltr'>καλ</span> 
     </span>
     <span class='ocr_line' id='line_1_6' title="bbox 140 751 1197 819; baseline -0.003 -13"><span class='ocrx_word' id='word_1_47' title='bbox 140 752 262 819; x_wconf 88' lang='grc' dir='ltr'>Ἔφορος</span> <span class='ocrx_word' id='word_1_48' title='bbox 285 753 301 805; x_wconf 97' lang='lat'>6</span> <span class='ocrx_word' id='word_1_49' title='bbox 325 752 444 817; x_wconf 88' lang='grc' dir='ltr'>Κυμαῖος</span> <span class='ocrx_word' id='word_1_50' title='bbox 468 754 512 804; x_wconf 84' lang='grc' dir='ltr'>καλ</span> <span class='ocrx_word' id='word_1_51' title='bbox 533 751 733 818; x_wconf 82' lang='grc' dir='ltr'>Ἀςκληπιάδης</span> <span class='ocrx_word' id='word_1_52' title='bbox 755 752 771 803; x_wconf 91' lang='lat'>6</span> <span class='ocrx_word' id='word_1_53' title='bbox 794 752 830 804; x_wconf 90' lang='grc' dir='ltr'>τὰ</span> <span class='ocrx_word' id='word_1_54' title='bbox 852 752 1071 819; x_wconf 85' lang='grc' dir='ltr'>τραγῳδούμενα</span> <span class='ocrx_word' id='word_1_55' title='bbox 1095 767 1157 814; x_wconf 89' lang='grc' dir='ltr'>ςυγ-</span> <span class='ocrx_word' id='word_1_56' title='bbox 1184 761 1197 803; x_wconf 83' lang='lat'>5</span> 
     </span>
     <span class='ocr_line' id='line_1_7' title="bbox 139 839 1157 908; baseline -0.002 -14"><span class='ocrx_word' id='word_1_57' title='bbox 139 842 249 908; x_wconf 91' lang='grc' dir='ltr'>γράψας</span> <span class='ocrx_word' id='word_1_58' title='bbox 274 843 319 894; x_wconf 81' lang='grc' dir='ltr'>καὶ</span> <span class='ocrx_word' id='word_1_59' title='bbox 342 841 497 907; x_wconf 91' lang='grc' dir='ltr'>Θεοδέκτης</span> <span class='ocrx_word' id='word_1_60' title='bbox 523 842 539 894; x_wconf 95' lang='lat'>6</span> <span class='ocrx_word' id='word_1_61' title='bbox 563 841 718 907; x_wconf 84' lang='grc' dir='ltr'>Φαςηλῖτης</span> <span class='ocrx_word' id='word_1_62' title='bbox 744 841 760 893; x_wconf 95' lang='lat'>6</span> <span class='ocrx_word' id='word_1_63' title='bbox 784 842 835 893; x_wconf 89' lang='grc' dir='ltr'>τὰς</span> <span class='ocrx_word' id='word_1_64' title='bbox 860 839 1017 908; x_wconf 79' lang='grc' dir='ltr'>τραγῳδίας</span> <span class='ocrx_word' id='word_1_65' title='bbox 1042 840 1157 906; x_wconf 85' lang='grc' dir='ltr'>ὕςτερον</span> 
     </span>
     <span class='ocr_line' id='line_1_8' title="bbox 138 929 1158 996; baseline -0.002 -14"><span class='ocrx_word' id='word_1_66' title='bbox 138 930 261 996; x_wconf 90' lang='grc' dir='ltr'>γράψας,</span> <span class='ocrx_word' id='word_1_67' title='bbox 285 930 319 983; x_wconf 83' lang='grc' dir='ltr'>οὗ</span> <span class='ocrx_word' id='word_1_68' title='bbox 339 930 394 982; x_wconf 87' lang='grc' dir='ltr'>ἐςτι</span> <span class='ocrx_word' id='word_1_69' title='bbox 411 931 445 982; x_wconf 92' lang='grc' dir='ltr'>τό</span> <span class='ocrx_word' id='word_1_70' title='bbox 470 933 563 996; x_wconf 88' lang='grc' dir='ltr'>μνῆμα</span> <span class='ocrx_word' id='word_1_71' title='bbox 587 930 631 983; x_wconf 74' lang='grc' dir='ltr'>ἐπὶ</span> <span class='ocrx_word' id='word_1_72' title='bbox 648 930 702 994; x_wconf 86' lang='grc' dir='ltr'>τὴν</span> <span class='ocrx_word' id='word_1_73' title='bbox 721 931 852 994; x_wconf 84' lang='grc' dir='ltr'>Κυαμῖτιν</span> <span class='ocrx_word' id='word_1_74' title='bbox 870 930 1069 996; x_wconf 93' lang='grc' dir='ltr'>πορευομένοις</span> <span class='ocrx_word' id='word_1_75' title='bbox 1088 929 1158 981; x_wconf 86' lang='grc' dir='ltr'>κατὰ</span> 
     </span>
     <span class='ocr_line' id='line_1_9' title="bbox 139 1015 1190 1085; baseline -0.003 -14"><span class='ocrx_word' id='word_1_76' title='bbox 139 1021 192 1084; x_wconf 85' lang='grc' dir='ltr'>τήν</span> <span class='ocrx_word' id='word_1_77' title='bbox 210 1018 287 1085; x_wconf 85' lang='grc' dir='ltr'>ἱεράν</span> <span class='ocrx_word' id='word_1_78' title='bbox 306 1020 374 1072; x_wconf 87' lang='grc' dir='ltr'>ὁδόν</span> <span class='ocrx_word' id='word_1_79' title='bbox 391 1020 444 1084; x_wconf 87' lang='grc' dir='ltr'>τὴν</span> <span class='ocrx_word' id='word_1_80' title='bbox 464 1018 507 1073; x_wconf 85' lang='grc' dir='ltr'>ἐπ’</span> <span class='ocrx_word' id='word_1_81' title='bbox 522 1017 666 1085; x_wconf 82' lang='grc' dir='ltr'>Ἐλευςῖνα,</span> <span class='ocrx_word' id='word_1_82' title='bbox 685 1019 721 1071; x_wconf 86' lang='grc' dir='ltr'>τά</span> <span class='ocrx_word' id='word_1_83' title='bbox 739 1022 791 1072; x_wconf 86' lang='grc' dir='ltr'>νῡν</span> <span class='ocrx_word' id='word_1_84' title='bbox 806 1019 1070 1085; x_wconf 89' lang='grc' dir='ltr'>κατερηρειμμένον·</span> <span class='ocrx_word' id='word_1_85' title='bbox 1091 1019 1158 1070; x_wconf 86' lang='grc' dir='ltr'>ἔνθα</span> <span class='ocrx_word' id='word_1_86' title='bbox 1173 1015 1190 1067; x_wconf 88' lang='lat' dir='ltr'><strong>d</strong></span> 
     </span>
     <span class='ocr_line' id='line_1_10' title="bbox 140 1107 1158 1175; baseline -0.002 -14"><span class='ocrx_word' id='word_1_87' title='bbox 140 1109 270 1161; x_wconf 85' lang='grc' dir='ltr'>καὶτοὺς</span> <span class='ocrx_word' id='word_1_88' title='bbox 289 1108 419 1162; x_wconf 86' lang='grc' dir='ltr'>ἐνδόξους</span> <span class='ocrx_word' id='word_1_89' title='bbox 437 1112 496 1160; x_wconf 87' lang='grc' dir='ltr'>τῶν</span> <span class='ocrx_word' id='word_1_90' title='bbox 514 1113 641 1174; x_wconf 84' lang='grc' dir='ltr'>ποιητῶν</span> <span class='ocrx_word' id='word_1_91' title='bbox 660 1107 790 1174; x_wconf 88' lang='grc' dir='ltr'>ἀνέςτηςε</span> <span class='ocrx_word' id='word_1_92' title='bbox 809 1109 858 1161; x_wconf 87' lang='grc' dir='ltr'>ςὺν</span> <span class='ocrx_word' id='word_1_93' title='bbox 872 1109 959 1175; x_wconf 84' lang='grc' dir='ltr'>αὐτῷ,</span> <span class='ocrx_word' id='word_1_94' title='bbox 979 1108 1020 1161; x_wconf 84' lang='grc' dir='ltr'>ιδν</span> <span class='ocrx_word' id='word_1_95' title='bbox 1034 1107 1158 1173; x_wconf 87' lang='grc' dir='ltr'>Ὄμηρος</span> 
     </span>
    </p>

    <p class='ocr_par' dir='ltr' id='par_1_3' title="bbox 139 1196 1198 1428">
     <span class='ocr_line' id='line_1_11' title="bbox 139 1196 1198 1264; baseline -0.002 -16"><span class='ocrx_word' id='word_1_96' title='bbox 139 1198 155 1248; x_wconf 95' lang='lat'>6</span> <span class='ocrx_word' id='word_1_97' title='bbox 174 1198 293 1263; x_wconf 86' lang='grc' dir='ltr'>ποιητὴς</span> <span class='ocrx_word' id='word_1_98' title='bbox 312 1198 427 1264; x_wconf 81' lang='grc' dir='ltr'>ςῲζεται</span> <span class='ocrx_word' id='word_1_99' title='bbox 442 1197 538 1262; x_wconf 89' lang='grc' dir='ltr'>μόνος·</span> <span class='ocrx_word' id='word_1_100' title='bbox 565 1197 716 1261; x_wconf 88' lang='grc' dir='ltr'>Λεώδαμός</span> <span class='ocrx_word' id='word_1_101' title='bbox 733 1196 760 1250; x_wconf 84' lang='grc' dir='ltr'>τ’</span> <span class='ocrx_word' id='word_1_102' title='bbox 774 1196 919 1264; x_wconf 85' lang='grc' dir='ltr'>Ἀθηναῖος</span> <span class='ocrx_word' id='word_1_103' title='bbox 933 1199 979 1250; x_wconf 88' lang='grc' dir='ltr'>καῖ</span> <span class='ocrx_word' id='word_1_104' title='bbox 992 1198 1156 1262; x_wconf 69' lang='grc' dir='ltr'>Λάκριτος*</span> <span class='ocrx_word' id='word_1_105' title='bbox 1173 1208 1198 1247; x_wconf 89' lang='grc' dir='ltr'>ιο</span> 
     </span>
     <span class='ocr_line' id='line_1_12' title="bbox 140 1285 1158 1352; baseline -0.001 -14"><span class='ocrx_word' id='word_1_106' title='bbox 140 1287 156 1338; x_wconf 89' lang='lat'>6</span> <span class='ocrx_word' id='word_1_107' title='bbox 178 1286 333 1352; x_wconf 83' lang='grc' dir='ltr'>νομοθέτης</span> <span class='ocrx_word' id='word_1_108' title='bbox 353 1285 520 1352; x_wconf 79' lang='grc' dir='ltr'>Ἀθηναίοις,</span> <span class='ocrx_word' id='word_1_109' title='bbox 545 1287 583 1338; x_wconf 86' lang='grc' dir='ltr'>ὼς</span> <span class='ocrx_word' id='word_1_110' title='bbox 606 1286 637 1338; x_wconf 91' lang='grc' dir='ltr'>δέ</span> <span class='ocrx_word' id='word_1_111' title='bbox 659 1286 732 1338; x_wconf 90' lang='grc' dir='ltr'>τινές</span> <span class='ocrx_word' id='word_1_112' title='bbox 756 1302 834 1352; x_wconf 90' lang='grc' dir='ltr'>φαςι,</span> <span class='ocrx_word' id='word_1_113' title='bbox 859 1289 903 1339; x_wconf 84' lang='grc' dir='ltr'>καῖ</span> <span class='ocrx_word' id='word_1_114' title='bbox 928 1285 1090 1352; x_wconf 80' lang='grc' dir='ltr'>Ὑπερείδης</span> <span class='ocrx_word' id='word_1_115' title='bbox 1113 1287 1158 1337; x_wconf 82' lang='grc' dir='ltr'>καὶ</span> 
     </span>
     <span class='ocr_line' id='line_1_13' title="bbox 141 1375 239 1428; baseline -0.01 -1"><span class='ocrx_word' id='word_1_116' title='bbox 141 1375 239 1428; x_wconf 55' lang='grc' dir='ltr'>ἾΙςαῖος.</span> 
     </span>
    </p>
   </div>
   <div class='ocr_carea' id='block_1_3' title="bbox 141 1514 1159 1674">
    <p class='ocr_par' dir='ltr' id='par_1_4' title="bbox 141 1514 1159 1674">
     <span class='ocr_line' id='line_1_14' title="bbox 211 1514 1158 1586; baseline 0.003 -19"><span class='ocrx_word' id='word_1_117' title='bbox 211 1521 251 1568; x_wconf 83' lang='grc' dir='ltr'>4ο</span> <span class='ocrx_word' id='word_1_118' title='bbox 279 1514 386 1569; x_wconf 76' lang='lat' dir='ltr'><strong>fusiora</strong></span> <span class='ocrx_word' id='word_1_119' title='bbox 414 1515 448 1568; x_wconf 90' lang='lat' dir='ltr'>de</span> <span class='ocrx_word' id='word_1_120' title='bbox 471 1515 654 1586; x_wconf 83' lang='lat' dir='ltr'>Theopompo</span> <span class='ocrx_word' id='word_1_121' title='bbox 681 1518 710 1569; x_wconf 84' lang='lat' dir='ltr'>et</span> <span class='ocrx_word' id='word_1_122' title='bbox 733 1515 844 1585; x_wconf 84' lang='lat' dir='ltr'>Ephoro</span> <span class='ocrx_word' id='word_1_123' title='bbox 868 1515 987 1570; x_wconf 85' lang='lat' dir='ltr'>Photius</span> <span class='ocrx_word' id='word_1_124' title='bbox 1008 1515 1051 1586; x_wconf 84' lang='lat' dir='ltr'>(fr.</span> <span class='ocrx_word' id='word_1_125' title='bbox 1072 1519 1158 1580; x_wconf 77' lang='lat'>1166)</span> 
     </span>
     <span class='ocr_line' id='line_1_15' title="bbox 141 1604 1159 1674; baseline 0 -17"><span class='ocrx_word' id='word_1_126' title='bbox 141 1604 274 1659; x_wconf 78' lang='lat' dir='ltr'>seruauit.</span> <span class='ocrx_word' id='word_1_127' title='bbox 348 1622 374 1660; x_wconf 93' lang='lat' dir='ltr'>u.</span> <span class='ocrx_word' id='word_1_128' title='bbox 391 1609 478 1658; x_wconf 88' lang='grc'>6-10</span> <span class='ocrx_word' id='word_1_129' title='bbox 493 1604 615 1658; x_wconf 73' lang='lat' dir='ltr'>Caecilio</span> <span class='ocrx_word' id='word_1_130' title='bbox 631 1605 735 1670; x_wconf 81' lang='lat' dir='ltr'>deberi,</span> <span class='ocrx_word' id='word_1_131' title='bbox 750 1605 800 1674; x_wconf 89' lang='lat' dir='ltr'>qui</span> <span class='ocrx_word' id='word_1_132' title='bbox 815 1621 866 1658; x_wconf 84' lang='lat' dir='ltr'>sua</span> <span class='ocrx_word' id='word_1_133' title='bbox 880 1621 914 1658; x_wconf 85' lang='lat' dir='ltr'>ex</span> <span class='ocrx_word' id='word_1_134' title='bbox 928 1605 1074 1659; x_wconf 87' lang='lat' dir='ltr'>Heliodori</span> <span class='ocrx_word' id='word_1_135' title='bbox 1088 1606 1159 1671; x_wconf 78' lang='grc' dir='ltr'>Περὶ</span> 
     </span>
    </p>
   </div>
   <div class='ocr_carea' id='block_1_4' title="bbox 140 1689 1158 1851">
    <p class='ocr_par' dir='ltr' id='par_1_5' title="bbox 140 1689 1158 1851">
     <span class='ocr_line' id='line_1_16' title="bbox 140 1689 1158 1766; baseline 0 -20"><span class='ocrx_word' id='word_1_136' title='bbox 140 1693 218 1766; x_wconf 79' lang='grc' dir='ltr'>(τῶν</span> <span class='ocrx_word' id='word_1_137' title='bbox 227 1689 380 1766; x_wconf 81' lang='grc' dir='ltr'>Ἀθήνησι)</span> <span class='ocrx_word' id='word_1_138' title='bbox 396 1693 547 1763; x_wconf 81' lang='grc' dir='ltr'>μνημάτων</span> <span class='ocrx_word' id='word_1_139' title='bbox 560 1693 746 1761; x_wconf 66' lang='lat' dir='ltr'><strong>transtulerit,</strong></span> <span class='ocrx_word' id='word_1_140' title='bbox 761 1694 831 1746; x_wconf 72' lang='lat' dir='ltr'>Kpu,</span> <span class='ocrx_word' id='word_1_141' title='bbox 844 1694 961 1748; x_wconf 81' lang='lat' dir='ltr'>Hermes</span> <span class='ocrx_word' id='word_1_142' title='bbox 971 1703 1036 1748; x_wconf 85' lang='lat' dir='ltr'>XXX</span> <span class='ocrx_word' id='word_1_143' title='bbox 1047 1713 1073 1763; x_wconf 88' lang='lat' dir='ltr'>p.</span> <span class='ocrx_word' id='word_1_144' title='bbox 1085 1699 1158 1747; x_wconf 67' lang='lat'>205⁸</span> 
     </span>
     <span class='ocr_line' id='line_1_17' title="bbox 140 1783 384 1851; baseline 0 -17"><span class='ocrx_word' id='word_1_145' title='bbox 140 1785 212 1851; x_wconf 81' lang='lat'>(236)</span> <span class='ocrx_word' id='word_1_146' title='bbox 232 1783 384 1836; x_wconf 77' lang='lat' dir='ltr'>contendit.</span> 
     </span>
    </p>
   </div>
   <div class='ocr_carea' id='block_1_5' title="bbox 140 1970 1218 3205">
    <p class='ocr_par' dir='ltr' id='par_1_6' title="bbox 140 1970 1218 2936">
     <span class='ocr_line' id='line_1_18' title="bbox 208 1970 1158 2049; baseline 0.003 -20"><span class='ocrx_word' id='word_1_147' title='bbox 208 1970 307 2036; x_wconf 71' lang='lat'>1158</span> <span class='ocrx_word' id='word_1_148' title='bbox 327 1977 447 2032; x_wconf 82' lang='grc' dir='ltr'>Ριιοτινυ</span> <span class='ocrx_word' id='word_1_149' title='bbox 470 1978 537 2032; x_wconf 87' lang='lat' dir='ltr'>bibl.</span> <span class='ocrx_word' id='word_1_150' title='bbox 564 1980 623 2033; x_wconf 86' lang='lat' dir='ltr'>cod.</span> <span class='ocrx_word' id='word_1_151' title='bbox 646 1985 696 2032; x_wconf 80' lang='lat'>176</span> <span class='ocrx_word' id='word_1_152' title='bbox 719 1999 747 2049; x_wconf 93' lang='lat' dir='ltr'>p.</span> <span class='ocrx_word' id='word_1_153' title='bbox 770 1986 833 2034; x_wconf 74' lang='lat'>121·</span> <span class='ocrx_word' id='word_1_154' title='bbox 851 1986 897 2035; x_wconf 75' lang='lat'>23:</span> <span class='ocrx_word' id='word_1_155' title='bbox 928 1984 993 2049; x_wconf 82' lang='grc' dir='ltr'>φαςῖ</span> <span class='ocrx_word' id='word_1_156' title='bbox 1017 1983 1047 2035; x_wconf 84' lang='grc' dir='ltr'>δέ</span> <span class='ocrx_word' id='word_1_157' title='bbox 1071 1982 1158 2035; x_wconf 88' lang='grc' dir='ltr'>αὐτόν</span> 
     </span>
     <span class='ocr_line' id='line_1_19' title="bbox 140 2068 1177 2137; baseline -0.002 -14"><span class='ocrx_word' id='word_1_158' title='bbox 140 2071 332 2137; x_wconf 87' lang='grc' dir='ltr'>(θεόπομπον)</span> <span class='ocrx_word' id='word_1_159' title='bbox 346 2085 377 2122; x_wconf 91' lang='grc' dir='ltr'>τε</span> <span class='ocrx_word' id='word_1_160' title='bbox 392 2071 436 2122; x_wconf 78' lang='grc' dir='ltr'>καὶ</span> <span class='ocrx_word' id='word_1_161' title='bbox 450 2069 574 2136; x_wconf 85' lang='grc' dir='ltr'>Ἔφορον</span> <span class='ocrx_word' id='word_1_162' title='bbox 590 2068 759 2135; x_wconf 85' lang='grc' dir='ltr'>Ἰςοκράτους</span> <span class='ocrx_word' id='word_1_163' title='bbox 772 2072 898 2134; x_wconf 87' lang='grc' dir='ltr'>γενέςθαι</span> <span class='ocrx_word' id='word_1_164' title='bbox 913 2071 1045 2136; x_wconf 88' lang='grc' dir='ltr'>μαθητάς.</span> <span class='ocrx_word' id='word_1_165' title='bbox 1072 2071 1177 2136; x_wconf 54' lang='grc' dir='ltr'>δῆλον</span> 
     </span>
     <span class='ocr_line' id='line_1_20' title="bbox 141 2146 1199 2230; baseline -0.002 -18"><span class='ocrx_word' id='word_1_166' title='bbox 141 2160 171 2212; x_wconf 81' lang='grc' dir='ltr'>δὲ</span> <span class='ocrx_word' id='word_1_167' title='bbox 194 2163 280 2212; x_wconf 80' lang='grc' dir='ltr'>τοῦτο</span> <span class='ocrx_word' id='word_1_168' title='bbox 302 2163 411 2211; x_wconf 86' lang='grc' dir='ltr'>ποιοθςι</span> <span class='ocrx_word' id='word_1_169' title='bbox 435 2161 480 2211; x_wconf 80' lang='grc' dir='ltr'>καὶ</span> <span class='ocrx_word' id='word_1_170' title='bbox 499 2158 525 2210; x_wconf 85' lang='grc' dir='ltr'>οἱ</span> <span class='ocrx_word' id='word_1_171' title='bbox 543 2159 633 2222; x_wconf 83' lang='grc' dir='ltr'>λόγοιΙ</span> <span class='ocrx_word' id='word_1_172' title='bbox 655 2146 731 2212; x_wconf 80' lang='grc' dir='ltr'>’πολὺ</span> <span class='ocrx_word' id='word_1_173' title='bbox 750 2160 804 2226; x_wconf 89' lang='grc' dir='ltr'>γὰρ</span> <span class='ocrx_word' id='word_1_174' title='bbox 824 2160 854 2212; x_wconf 88' lang='grc' dir='ltr'>έν</span> <span class='ocrx_word' id='word_1_175' title='bbox 872 2165 932 2213; x_wconf 88' lang='grc' dir='ltr'>τοῖς</span> <span class='ocrx_word' id='word_1_176' title='bbox 949 2159 1124 2230; x_wconf 83' lang='grc' dir='ltr'>Θεοπόμπου</span> <span class='ocrx_word' id='word_1_177' title='bbox 1139 2160 1157 2224; x_wconf 85' lang='grc' dir='ltr'>ἡ</span> <span class='ocrx_word' id='word_1_178' title='bbox 1173 2169 1199 2210; x_wconf 79' lang='lat'>15</span> 
     </span>
     <span class='ocr_line' id='line_1_21' title="bbox 141 2228 1201 2332; baseline -0.001 -32"><span class='ocrx_word' id='word_1_179' title='bbox 141 2248 342 2332; x_wconf 60' lang='lat' dir='ltr'>“mlAElffl</span> <span class='ocrx_word' id='word_1_180' title='bbox 353 2245 418 2324; x_wconf 62' lang='grc' dir='ltr'>ιἰδέα</span> <span class='ocrx_word' id='word_1_181' title='bbox 435 2251 494 2299; x_wconf 86' lang='grc' dir='ltr'>τῶν</span> <span class='ocrx_word' id='word_1_182' title='bbox 512 2228 797 2318; x_wconf 54' lang='grc' dir='ltr'>παρ’“Ἰςιῖιιράτῷεἰ</span> <span class='ocrx_word' id='word_1_183' title='bbox 816 2252 861 2302; x_wconf 84' lang='grc' dir='ltr'>καῖ</span> <span class='ocrx_word' id='word_1_184' title='bbox 879 2249 1001 2302; x_wconf 85' lang='grc' dir='ltr'>λείπεται</span> <span class='ocrx_word' id='word_1_185' title='bbox 1018 2252 1070 2314; x_wconf 75' lang='grc' dir='ltr'>τῆς</span> <span class='ocrx_word' id='word_1_186' title='bbox 1088 2264 1141 2300; x_wconf 89' lang='grc' dir='ltr'>κατ</span> <span class='ocrx_word' id='word_1_187' title='bbox 1168 2268 1201 2300; x_wconf 46' lang='grc' dir='ltr'>,ι</span> 
     </span>
     <span class='ocr_line' id='line_1_22' title="bbox 140 2248 1218 2415; baseline 0.001 -27"><span class='ocrx_word' id='word_1_188' title='bbox 140 2338 193 2401; x_wconf 77' lang='grc' dir='ltr'>τὴν</span> <span class='ocrx_word' id='word_1_189' title='bbox 208 2326 348 2402; x_wconf 73' lang='grc' dir='ltr'>ίἐργαςίαν</span> <span class='ocrx_word' id='word_1_190' title='bbox 376 2316 539 2415; x_wconf 45' lang='grc' dir='ltr'>ἀῖκρῙ-ιῖλεῖιῐζ)</span> <span class='ocrx_word' id='word_1_191' title='bbox 566 2339 611 2389; x_wconf 80' lang='grc' dir='ltr'>καὶ</span> <span class='ocrx_word' id='word_1_192' title='bbox 638 2339 688 2390; x_wconf 88' lang='grc' dir='ltr'>τὰς</span> <span class='ocrx_word' id='word_1_193' title='bbox 716 2338 852 2404; x_wconf 88' lang='grc' dir='ltr'>ἱςτορικάς</span> <span class='ocrx_word' id='word_1_194' title='bbox 880 2339 911 2390; x_wconf 93' lang='grc' dir='ltr'>δέ</span> <span class='ocrx_word' id='word_1_195' title='bbox 938 2339 1082 2390; x_wconf 86' lang='grc' dir='ltr'>δποθέςεις</span> <span class='ocrx_word' id='word_1_196' title='bbox 1108 2248 1218 2412; x_wconf 48' lang='lat' dir='ltr'>&#39;tob</span> 
     </span>
     <span class='ocr_line' id='line_1_23' title="bbox 141 2409 1158 2494; baseline 0.001 -17"><span class='ocrx_word' id='word_1_197' title='bbox 141 2425 303 2477; x_wconf 85' lang='grc' dir='ltr'>διδάςκαλον</span> <span class='ocrx_word' id='word_1_198' title='bbox 323 2409 418 2478; x_wconf 85' lang='grc' dir='ltr'>αὐτοῖς</span> <span class='ocrx_word' id='word_1_199' title='bbox 436 2409 593 2491; x_wconf 67' lang='grc' dir='ltr'>προβαλεῖν,</span> <span class='ocrx_word' id='word_1_200' title='bbox 615 2427 666 2478; x_wconf 86' lang='grc' dir='ltr'>τάς</span> <span class='ocrx_word' id='word_1_201' title='bbox 686 2428 734 2491; x_wconf 85' lang='grc' dir='ltr'>μέν</span> <span class='ocrx_word' id='word_1_202' title='bbox 752 2432 811 2480; x_wconf 87' lang='grc' dir='ltr'>τῶν</span> <span class='ocrx_word' id='word_1_203' title='bbox 831 2427 891 2479; x_wconf 84' lang='grc' dir='ltr'>ἄνω</span> <span class='ocrx_word' id='word_1_204' title='bbox 910 2427 1020 2493; x_wconf 89' lang='grc' dir='ltr'>χρόνων</span> <span class='ocrx_word' id='word_1_205' title='bbox 1039 2425 1158 2494; x_wconf 87' lang='grc' dir='ltr'>Ἐφόρῳ,</span> 
     </span>
     <span class='ocr_line' id='line_1_24' title="bbox 141 2513 1159 2581; baseline 0 -15"><span class='ocrx_word' id='word_1_206' title='bbox 141 2513 300 2580; x_wconf 88' lang='grc' dir='ltr'>Θεοπόμπῳ</span> <span class='ocrx_word' id='word_1_207' title='bbox 324 2514 354 2566; x_wconf 93' lang='grc' dir='ltr'>δέ</span> <span class='ocrx_word' id='word_1_208' title='bbox 377 2513 427 2566; x_wconf 85' lang='grc' dir='ltr'>τὰς</span> <span class='ocrx_word' id='word_1_209' title='bbox 452 2514 520 2578; x_wconf 88' lang='grc' dir='ltr'>μετὰ</span> <span class='ocrx_word' id='word_1_210' title='bbox 539 2513 713 2580; x_wconf 76' lang='grc' dir='ltr'>Θουκυδίδην</span> <span class='ocrx_word' id='word_1_211' title='bbox 738 2515 907 2581; x_wconf 82' lang='grc' dir='ltr'>Ἑλληνικάς,</span> <span class='ocrx_word' id='word_1_212' title='bbox 933 2516 1003 2580; x_wconf 90' lang='grc' dir='ltr'>πρός</span> <span class='ocrx_word' id='word_1_213' title='bbox 1025 2517 1079 2580; x_wconf 90' lang='grc' dir='ltr'>τὴν</span> <span class='ocrx_word' id='word_1_214' title='bbox 1098 2515 1159 2566; x_wconf 89' lang='grc' dir='ltr'>ἑκα-</span> 
     </span>
     <span class='ocr_line' id='line_1_25' title="bbox 140 2603 1199 2669; baseline 0.001 -15"><span class='ocrx_word' id='word_1_215' title='bbox 140 2603 224 2668; x_wconf 90' lang='grc' dir='ltr'>τέρου</span> <span class='ocrx_word' id='word_1_216' title='bbox 251 2603 333 2668; x_wconf 84' lang='grc' dir='ltr'>φύειν</span> <span class='ocrx_word' id='word_1_217' title='bbox 359 2603 404 2654; x_wconf 82' lang='grc' dir='ltr'>καὶ</span> <span class='ocrx_word' id='word_1_218' title='bbox 428 2603 462 2654; x_wconf 90' lang='grc' dir='ltr'>τό</span> <span class='ocrx_word' id='word_1_219' title='bbox 488 2603 571 2668; x_wconf 86' lang='grc' dir='ltr'>ἔργον</span> <span class='ocrx_word' id='word_1_220' title='bbox 598 2604 797 2669; x_wconf 85' lang='grc' dir='ltr'>ἁρμοςάμενον.</span> <span class='ocrx_word' id='word_1_221' title='bbox 836 2604 878 2656; x_wconf 90' lang='grc' dir='ltr'>διὸ</span> <span class='ocrx_word' id='word_1_222' title='bbox 902 2606 947 2657; x_wconf 83' lang='grc' dir='ltr'>καὶ</span> <span class='ocrx_word' id='word_1_223' title='bbox 969 2604 1005 2656; x_wconf 88' lang='grc' dir='ltr'>τά</span> <span class='ocrx_word' id='word_1_224' title='bbox 1027 2603 1159 2669; x_wconf 82' lang='grc' dir='ltr'>προοίμια</span> <span class='ocrx_word' id='word_1_225' title='bbox 1173 2617 1199 2655; x_wconf 79' lang='lat'>20</span> 
     </span>
     <span class='ocr_line' id='line_1_26' title="bbox 142 2691 1160 2760; baseline 0 -16"><span class='ocrx_word' id='word_1_226' title='bbox 142 2691 236 2744; x_wconf 85' lang='grc' dir='ltr'>αὐτοῖς</span> <span class='ocrx_word' id='word_1_227' title='bbox 259 2695 318 2743; x_wconf 84' lang='grc' dir='ltr'>τῶν</span> <span class='ocrx_word' id='word_1_228' title='bbox 341 2691 468 2757; x_wconf 84' lang='grc' dir='ltr'>ἱςτοριῶν</span> <span class='ocrx_word' id='word_1_229' title='bbox 490 2697 526 2760; x_wconf 83' lang='grc' dir='ltr'>τῇ</span> <span class='ocrx_word' id='word_1_230' title='bbox 549 2708 581 2744; x_wconf 91' lang='grc' dir='ltr'>τε</span> <span class='ocrx_word' id='word_1_231' title='bbox 599 2691 707 2760; x_wconf 83' lang='grc' dir='ltr'>διανοίᾳ</span> <span class='ocrx_word' id='word_1_232' title='bbox 725 2693 770 2744; x_wconf 85' lang='grc' dir='ltr'>καῖ</span> <span class='ocrx_word' id='word_1_233' title='bbox 788 2698 847 2745; x_wconf 91' lang='grc' dir='ltr'>τοῖς</span> <span class='ocrx_word' id='word_1_234' title='bbox 865 2693 957 2745; x_wconf 83' lang='grc' dir='ltr'>ἄλλοις</span> <span class='ocrx_word' id='word_1_235' title='bbox 976 2693 1047 2745; x_wconf 87' lang='grc' dir='ltr'>έςτῖν</span> <span class='ocrx_word' id='word_1_236' title='bbox 1067 2692 1160 2757; x_wconf 87' lang='grc' dir='ltr'>όμοιό-</span> 
     </span>
     <span class='ocr_line' id='line_1_27' title="bbox 140 2780 1158 2847; baseline 0.001 -14"><span class='ocrx_word' id='word_1_237' title='bbox 140 2796 219 2847; x_wconf 93' lang='grc' dir='ltr'>τατα,</span> <span class='ocrx_word' id='word_1_238' title='bbox 246 2781 286 2833; x_wconf 87' lang='grc' dir='ltr'>ὼς</span> <span class='ocrx_word' id='word_1_239' title='bbox 309 2780 343 2832; x_wconf 82' lang='lat' dir='ltr'>ov</span> <span class='ocrx_word' id='word_1_240' title='bbox 367 2781 421 2833; x_wconf 85' lang='grc' dir='ltr'>ἀπό</span> <span class='ocrx_word' id='word_1_241' title='bbox 444 2784 496 2846; x_wconf 86' lang='grc' dir='ltr'>τῆς</span> <span class='ocrx_word' id='word_1_242' title='bbox 520 2781 607 2846; x_wconf 87' lang='grc' dir='ltr'>αὐτῆς</span> <span class='ocrx_word' id='word_1_243' title='bbox 631 2781 785 2847; x_wconf 82' lang='grc' dir='ltr'>ἀφετηρίας</span> <span class='ocrx_word' id='word_1_244' title='bbox 809 2781 1005 2847; x_wconf 81' lang='grc' dir='ltr'>ἐκδραμόντων</span> <span class='ocrx_word' id='word_1_245' title='bbox 1025 2782 1158 2847; x_wconf 89' lang='grc' dir='ltr'>ἑκατέρου</span> 
     </span>
     <span class='ocr_line' id='line_1_28' title="bbox 140 2869 606 2936; baseline 0.004 -14"><span class='ocrx_word' id='word_1_246' title='bbox 140 2869 211 2936; x_wconf 91' lang='grc' dir='ltr'>πρός</span> <span class='ocrx_word' id='word_1_247' title='bbox 229 2871 263 2922; x_wconf 90' lang='grc' dir='ltr'>τό</span> <span class='ocrx_word' id='word_1_248' title='bbox 282 2870 392 2922; x_wconf 86' lang='grc' dir='ltr'>ςτόδιον</span> <span class='ocrx_word' id='word_1_249' title='bbox 409 2874 462 2936; x_wconf 83' lang='grc' dir='ltr'>τῆς</span> <span class='ocrx_word' id='word_1_250' title='bbox 480 2869 606 2936; x_wconf 84' lang='grc' dir='ltr'>ἱςτορίας.</span> 
     </span>
    </p>

    <p class='ocr_par' dir='ltr' id='par_1_7' title="bbox 142 2959 1199 3205">
     <span class='ocr_line' id='line_1_29' title="bbox 212 2959 1160 3026; baseline 0.001 -14"><span class='ocrx_word' id='word_1_251' title='bbox 212 2959 349 3012; x_wconf 78' lang='grc' dir='ltr'>πλείςταις</span> <span class='ocrx_word' id='word_1_252' title='bbox 377 2960 427 3024; x_wconf 87' lang='grc' dir='ltr'>μέν</span> <span class='ocrx_word' id='word_1_253' title='bbox 456 2959 507 3012; x_wconf 85' lang='grc' dir='ltr'>οὖν</span> <span class='ocrx_word' id='word_1_254' title='bbox 534 2960 713 3026; x_wconf 89' lang='grc' dir='ltr'>παρεκβάςεςι</span> <span class='ocrx_word' id='word_1_255' title='bbox 741 2961 922 3026; x_wconf 85' lang='grc' dir='ltr'>παντοδαπῆς</span> <span class='ocrx_word' id='word_1_256' title='bbox 949 2959 1068 3026; x_wconf 83' lang='grc' dir='ltr'>ῖςτορίας</span> <span class='ocrx_word' id='word_1_257' title='bbox 1092 2961 1160 3013; x_wconf 88' lang='grc' dir='ltr'>τοὺς</span> 
     </span>
     <span class='ocr_line' id='line_1_30' title="bbox 142 3048 1199 3115; baseline -0.003 -13"><span class='ocrx_word' id='word_1_258' title='bbox 142 3048 294 3115; x_wconf 88' lang='grc' dir='ltr'>ἱςτορικοὺς</span> <span class='ocrx_word' id='word_1_259' title='bbox 308 3049 397 3102; x_wconf 79' lang='grc' dir='ltr'>αὑτοῦ</span> <span class='ocrx_word' id='word_1_260' title='bbox 412 3050 513 3113; x_wconf 78' lang='grc' dir='ltr'>λόγους</span> <span class='ocrx_word' id='word_1_261' title='bbox 528 3049 694 3113; x_wconf 88' lang='grc' dir='ltr'>Θεόπομπος</span> <span class='ocrx_word' id='word_1_262' title='bbox 708 3049 873 3115; x_wconf 77' lang='grc' dir='ltr'>παρατείνει.</span> <span class='ocrx_word' id='word_1_263' title='bbox 907 3049 950 3102; x_wconf 90' lang='grc' dir='ltr'>διδ</span> <span class='ocrx_word' id='word_1_264' title='bbox 965 3052 1010 3102; x_wconf 80' lang='grc' dir='ltr'>καὶ</span> <span class='ocrx_word' id='word_1_265' title='bbox 1025 3049 1159 3103; x_wconf 84' lang='grc' dir='ltr'>Φίλιππος</span> <span class='ocrx_word' id='word_1_266' title='bbox 1174 3060 1199 3100; x_wconf 77' lang='lat'>25</span> 
     </span>
     <span class='ocr_line' id='line_1_31' title="bbox 142 3138 1159 3205; baseline 0.001 -14"><span class='ocrx_word' id='word_1_267' title='bbox 142 3139 159 3191; x_wconf 95' lang='lat'>6</span> <span class='ocrx_word' id='word_1_268' title='bbox 181 3138 252 3204; x_wconf 91' lang='grc' dir='ltr'>πρός</span> <span class='ocrx_word' id='word_1_269' title='bbox 271 3138 424 3203; x_wconf 76' lang='grc' dir='ltr'>Ῥωμαίους</span> <span class='ocrx_word' id='word_1_270' title='bbox 446 3138 614 3205; x_wconf 84' lang='grc' dir='ltr'>πολεμήςας,</span> <span class='ocrx_word' id='word_1_271' title='bbox 641 3139 743 3192; x_wconf 86' lang='grc' dir='ltr'>έξελὼν</span> <span class='ocrx_word' id='word_1_272' title='bbox 765 3140 869 3192; x_wconf 89' lang='grc' dir='ltr'>ταύτας</span> <span class='ocrx_word' id='word_1_273' title='bbox 888 3140 1002 3192; x_wconf 82' lang='grc' dir='ltr'>καὶτὰς</span> <span class='ocrx_word' id='word_1_274' title='bbox 1021 3139 1159 3192; x_wconf 84' lang='grc' dir='ltr'>Φιλίππου</span> 
     </span>
    </p>
   </div>
   <div class='ocr_carea' id='block_1_6' title="bbox 142 3331 1159 3690">
    <p class='ocr_par' dir='ltr' id='par_1_8' title="bbox 142 3331 1159 3690">
     <span class='ocr_line' id='line_1_32' title="bbox 215 3331 1159 3401; baseline -0.003 -13"><span class='ocrx_word' id='word_1_275' title='bbox 215 3341 228 3388; x_wconf 93' lang='grc'>1</span> <span class='ocrx_word' id='word_1_276' title='bbox 248 3353 277 3388; x_wconf 82' lang='grc' dir='ltr'>τε</span> <span class='ocrx_word' id='word_1_277' title='bbox 295 3332 406 3386; x_wconf 75' lang='lat' dir='ltr'>Frenke</span> <span class='ocrx_word' id='word_1_278' title='bbox 426 3349 460 3386; x_wconf 87' lang='lat' dir='ltr'>ex</span> <span class='ocrx_word' id='word_1_279' title='bbox 478 3333 587 3400; x_wconf 87' lang='lat' dir='ltr'>Photio,</span> <span class='ocrx_word' id='word_1_280' title='bbox 607 3331 638 3388; x_wconf 79' lang='grc' dir='ltr'>δὲ</span> <span class='ocrx_word' id='word_1_281' title='bbox 656 3332 730 3386; x_wconf 83' lang='lat' dir='ltr'>libri.</span> <span class='ocrx_word' id='word_1_282' title='bbox 827 3337 860 3385; x_wconf 93' lang='lat'>10</span> <span class='ocrx_word' id='word_1_283' title='bbox 879 3335 944 3401; x_wconf 85' lang='lat' dir='ltr'>post</span> <span class='ocrx_word' id='word_1_284' title='bbox 961 3331 1100 3400; x_wconf 81' lang='grc' dir='ltr'>Λάκριτος</span> <span class='ocrx_word' id='word_1_285' title='bbox 1117 3333 1159 3386; x_wconf 80' lang='lat' dir='ltr'>le·</span> 
     </span>
     <span class='ocr_line' id='line_1_33' title="bbox 142 3402 1137 3476; baseline -0.001 -17"><span class='ocrx_word' id='word_1_286' title='bbox 142 3422 244 3460; x_wconf 82' lang='lat' dir='ltr'>cunam</span> <span class='ocrx_word' id='word_1_287' title='bbox 266 3404 351 3458; x_wconf 86' lang='lat' dir='ltr'>indie.</span> <span class='ocrx_word' id='word_1_288' title='bbox 371 3404 580 3472; x_wconf 71' lang='lat' dir='ltr'>wentenum,</span> <span class='ocrx_word' id='word_1_289' title='bbox 606 3405 656 3474; x_wconf 90' lang='lat' dir='ltr'>qui</span> <span class='ocrx_word' id='word_1_290' title='bbox 675 3402 712 3476; x_wconf 76' lang='grc' dir='ltr'>(ὁ</span> <span class='ocrx_word' id='word_1_291' title='bbox 733 3403 887 3473; x_wconf 79' lang='grc' dir='ltr'>Φασηλίτης</span> <span class='ocrx_word' id='word_1_292' title='bbox 907 3405 956 3457; x_wconf 79' lang='grc' dir='ltr'>καὶ</span> <span class='ocrx_word' id='word_1_293' title='bbox 975 3411 1137 3473; x_wconf 74' lang='grc' dir='ltr'>Λυκοῦργος</span> 
     </span>
     <span class='ocr_line' id='line_1_34' title="bbox 142 3475 1159 3546; baseline -0.002 -16"><span class='ocrx_word' id='word_1_294' title='bbox 142 3477 262 3546; x_wconf 77' lang='lat' dir='ltr'>supplet.</span> <span class='ocrx_word' id='word_1_295' title='bbox 341 3481 375 3530; x_wconf 87' lang='lat'>16</span> <span class='ocrx_word' id='word_1_296' title='bbox 395 3492 440 3543; x_wconf 79' lang='lat' dir='ltr'>‚en</span> <span class='ocrx_word' id='word_1_297' title='bbox 454 3476 566 3545; x_wconf 67' lang='grc' dir='ltr'>νιολλὴῖι</span> <span class='ocrx_word' id='word_1_298' title='bbox 585 3475 703 3530; x_wconf 83' lang='lat' dir='ltr'>Bekker.</span> <span class='ocrx_word' id='word_1_299' title='bbox 783 3482 815 3530; x_wconf 88' lang='grc'>18</span> <span class='ocrx_word' id='word_1_300' title='bbox 835 3475 1007 3531; x_wconf 76' lang='grc' dir='ltr'>διδάσκαλον</span> <span class='ocrx_word' id='word_1_301' title='bbox 1026 3477 1058 3540; x_wconf 92' lang='lat' dir='ltr'>A,</span> <span class='ocrx_word' id='word_1_302' title='bbox 1078 3478 1159 3529; x_wconf 83' lang='grc' dir='ltr'>ιλιόα-</span> 
     </span>
     <span class='ocr_line' id='line_1_35' title="bbox 142 3545 1157 3616; baseline -0.003 -14"><span class='ocrx_word' id='word_1_303' title='bbox 142 3564 245 3603; x_wconf 84' lang='grc' dir='ltr'>οιιοντα</span> <span class='ocrx_word' id='word_1_304' title='bbox 262 3547 339 3616; x_wconf 78' lang='lat' dir='ltr'>uulg.</span> <span class='ocrx_word' id='word_1_305' title='bbox 412 3557 468 3602; x_wconf 86' lang='grc' dir='ltr'>τῶν</span> <span class='ocrx_word' id='word_1_306' title='bbox 486 3547 545 3602; x_wconf 82' lang='grc' dir='ltr'>ἄνω</span> <span class='ocrx_word' id='word_1_307' title='bbox 564 3547 645 3602; x_wconf 77' lang='lat' dir='ltr'>Bleso</span> <span class='ocrx_word' id='word_1_308' title='bbox 658 3548 677 3601; x_wconf 92' lang='lat' dir='ltr'>l.</span> <span class='ocrx_word' id='word_1_309' title='bbox 693 3566 713 3601; x_wconf 81' lang='lat' dir='ltr'>e.</span> <span class='ocrx_word' id='word_1_310' title='bbox 728 3555 751 3601; x_wconf 92' lang='lat'>11</span> <span class='ocrx_word' id='word_1_311' title='bbox 766 3566 793 3616; x_wconf 89' lang='lat' dir='ltr'>p.</span> <span class='ocrx_word' id='word_1_312' title='bbox 809 3552 871 3615; x_wconf 76' lang='lat'>402,</span> <span class='ocrx_word' id='word_1_313' title='bbox 886 3554 911 3614; x_wconf 84' lang='lat'>1,</span> <span class='ocrx_word' id='word_1_314' title='bbox 931 3547 989 3601; x_wconf 78' lang='grc' dir='ltr'>ἄνω</span> <span class='ocrx_word' id='word_1_315' title='bbox 1008 3555 1064 3601; x_wconf 83' lang='grc' dir='ltr'>τῶν</span> <span class='ocrx_word' id='word_1_316' title='bbox 1082 3545 1157 3599; x_wconf 85' lang='lat' dir='ltr'>libri.</span> 
     </span>
     <span class='ocr_line' id='line_1_36' title="bbox 143 3617 754 3690; baseline -0.002 -17"><span class='ocrx_word' id='word_1_317' title='bbox 143 3625 176 3674; x_wconf 79' lang='lat'>22</span> <span class='ocrx_word' id='word_1_318' title='bbox 196 3617 393 3689; x_wconf 72' lang='grc' dir='ltr'>ἐκδραμόντων</span> <span class='ocrx_word' id='word_1_319' title='bbox 410 3620 444 3687; x_wconf 82' lang='lat' dir='ltr'>A,</span> <span class='ocrx_word' id='word_1_320' title='bbox 464 3617 659 3690; x_wconf 80' lang='grc' dir='ltr'>ἐνδραμόντων</span> <span class='ocrx_word' id='word_1_321' title='bbox 677 3618 754 3690; x_wconf 79' lang='lat' dir='ltr'>uulg.</span> 
     </span>
    </p>
   </div>
   <div class='ocr_carea' id='block_1_7' title="bbox 0 0 1342 3912">
    <p class='ocr_par' dir='ltr' id='par_1_9' title="bbox 0 0 1342 3912">
     <span class='ocr_line' id='line_1_37' title="bbox 0 0 1342 3912; baseline 0 0"><span class='ocrx_word' id='word_1_322' title='bbox 0 0 1342 3912; x_wconf 95' lang='lat' dir='ltr'> </span> 
     </span>
    </p>
   </div>
  </div>
 </body>
</html>
