2666 3912
272 212 333 263 XII.
353 211 507 261 ΕΚΛΟΓΗ
524 207 675 267 ΛΕΞΕΩΝ
693 209 789 260 ΚΑΤΑ
808 210 1008 261 ΣΤΟΙΧΕΙΟΝ
1085 209 1147 272 147

202 370 268 423 Lnx.
298 388 319 424 s.
349 387 443 430 va.
472 387 499 437 p.
525 373 589 436 183,
610 374 656 423 25:
690 370 980 436 ἀποςτηςάμενος’
1009 371 1071 423 ἀντί
1097 375 1148 422 τοῦ

131 461 276 528 παραδοὺς
293 465 335 528 τῷ
355 463 473 527 ςταθμῷ.

203 610 301 664 Sv1ms
317 628 336 663 s.
352 629 379 663 u.
396 610 546 665 ἀποςτολαί
562 609 607 678 (cf.
622 608 675 662 lex.
691 608 717 662 S.
733 609 823 676 quint.
838 627 865 678 p.
881 613 943 674 217,
955 611 1012 678 26);
1030 652 1051 661 ..
1068 611 1149 664 ἀπό-

133 704 260 754 ςτολοε·
277 702 292 753 6
308 701 544 765 ἀποςτελλὸμενος
560 700 628 765 μετὰ
643 705 771 765 ςτρατιᾶς
783 697 821 753 εἰς
831 701 953 764 πόλεμον
964 696 1052 770 <καί>
1061 717 1149 766 παρα-

132 793 238 856 ςκειιής.
1176 801 1189 842 5

203 930 268 984 διας.
285 949 306 984 s.
322 948 416 992 Qum.
431 948 459 998 p.
476 935 535 996 184,
552 935 597 984 18:
619 933 857 996 ἀποτιμᾶςθαι·
877 931 945 984 ὅταν
963 935 1150 997 παραχωρῶςι

5 1007 21 1016 ”
131 1023 184 1086 τὴν
204 1020 292 1074 οἰκίαν
312 1023 329 1088 ἢ
348 1021 382 1074 τὸ
401 1021 504 1087 χωρίον
524 1021 568 1073 διὰ
587 1020 620 1072 τὸ
641 1022 677 1086 μὴ
697 1020 829 1073 δύναςθαι
848 1020 945 1073 δοῦναι
963 1021 996 1073 τὸ
1016 1021 1103 1086 χρέος.

204 1169 324 1223 (ἔκπαοιι.
341 1189 463 1224 commu.
479 1178 521 1223 VII
534 1176 549 1223 2
563 1188 591 1238 p.
608 1175 686 1237 1121,
702 1168 853 1237 ‘1W.216v
868 1173 963 1236 μέντοι
977 1172 1149 1237 ἀπόφαςιν

135 1261 187 1327 οὐχ
210 1262 249 1313 ὼς
271 1262 351 1327 ἡμεῖς
373 1265 425 1313 νῦν
448 1261 464 1313 6
485 1260 607 1313 Ἀττικὸς
629 1261 716 1326 νόμος
739 1261 951 1327 έξελαμβάνετο,
975 1259 1034 1313 ἀλλ’
1053 1260 1148 1325 έπείή

132 1353 183 1416 τῆς
201 1349 379 1416 τριηραρχίας
398 1351 469 1416 ἀρχὴ
487 1349 660 1403 ἐπικίνδυνος
673 1365 714 1402 τιε
729 1351 849 1402 δοκοῦςα
862 1350 913 1402 τὸν
927 1354 1150 1416 τριηραρχοῦντα
1163 1363 1189 1402 10

133 1439 299 1504 κατήπειγεν
323 1440 516 1505 ἀντιμετρῆςαι
538 1443 580 1506 τῷ
605 1440 724 1506 κινδύνῳ
747 1439 783 1490 τὰ
802 1439 917 1504 ἑαυτοῦ,
941 1440 959 1503 ἡ
980 1439 1148 1504 καταγραφὴ

132 1523 244 1581 ’τούτων
263 1528 342 1580 καὶὸ
362 1528 406 1581 ἐπί
424 1529 535 1580 τούτων
554 1528 637 1594 ὅρκος
656 1529 794 1593 ἀπόφαςις
812 1529 856 1593 ἦν.

205 1676 303 1730 Svnns
328 1677 372 1746 (cf.
393 1677 446 1730 lex.
467 1676 492 1731 S.
513 1681 580 1731 sext.
600 1696 627 1746 p.
647 1682 708 1742 439,
727 1681 784 1746 32):
807 1679 1105 1746 ἀποψηφιςθέντα·
1126 1677 1150 1731 εἴ

132 1783 173 1820 τις
192 1769 269 1822 ξένος
288 1770 382 1821 ἔδοξεν
402 1769 472 1821 είναι
491 1771 535 1821 καί
554 1769 587 1820 οὐ
606 1767 733 1834 πολίτης,
756 1772 860 1821 τοῦτον
883 1769 913 1821 ἐν
936 1773 997 1821 ταῖς
1016 1767 1150 1833 διαψηφί-

134 1873 186 1910 ςεςι
204 1861 263 1909 τῶν
280 1857 378 1923 δήμων
393 1857 608 1923 ἀπεψηφίζοντο
622 1856 648 1909 οἱ
663 1857 790 1923 δημόται,
809 1858 853 1910 καί
868 1857 979 1922 ἐλέγετο
993 1858 1150 1922 ἀπεψηφις-
1165 1871 1191 1910 15

134 1946 223 2010 μένοι.
252 1946 312 1997 εἶτα
331 1944 455 2011 είςήγετο
475 1945 513 1999 είς
531 1948 564 1999 τὸ
584 1946 758 2012 δικαςτήριον
777 1948 822 1998 καί
841 1944 964 2012 ἐκρίνετο
984 1945 1086 2012 ξενίας,
1105 1947 1151 1998 καί

133 2033 157 2092 ,εἰ
176 2035 226 2098 μέν
245 2035 326 2100 ἑάλω,
347 2035 528 2101 ἐπιπράςκετο
548 2036 587 2088 ὡς
606 2036 691 2101 ξένος,
711 2033 734 2088 εἰ
754 2036 784 2086 δέ
803 2035 923 2101 ἐκράτει,
944 2034 1150 2100 ἀνελαμβάνετο

134 2122 172 2180 εἰς
190 2126 243 2190 τὴν
261 2123 410 2177 πολιτείαν.
444 2125 535 2177 οὕτως
550 2125 731 2190 Δημοεθένης
749 2123 835 2189 (XVIII
850 2125 911 2189 132)
933 2123 985 2176 ττίς
1002 2124 1056 2189 γὰρ
1070 2124 1150 2188 ὑμῶν

134 2212 186 2265 οὐκ
205 2213 281 2266 οἶδεν
301 2212 533 2278 ἀποψηφιεθέντα
554 2211 752 2278 Ἀντιφιῑιντα;’
774 2209 808 2263 cf.
828 2209 903 2263 infra
922 2228 949 2278 p.
967 2216 1025 2274 164,
1043 2215 1075 2263 14
1084 2227 1119 2263 ss.

205 2360 303 2414 Svms
319 2379 339 2414 s.
354 2379 380 2415 α.
397 2362 563 2416 ἀποςταςίου
579 2363 640 2429 δίκη
656 2361 701 2428 (οί.
716 2361 768 2414 lex.
785 2360 810 2414 S.
827 2363 894 2414 sext.
909 2379 937 2430 p.
953 2365 1013 2426 436,
1031 2364 1069 2430 1):
1166 2387 1192 2424 μ)

135 2451 373 2517 ἀπροεταςίοιι·
400 2455 458 2503 τῶν
485 2451 620 2516 μετοίκων
646 2452 760 2504 ἕκαςτος
785 2452 943 2518 προςτάτην
966 2453 1058 2516 έχουςι
1081 2453 1151 2505 κατὰ

134 2528 222 2604 νόμον
241 2540 289 2592 ἕνα
307 2544 366 2592 τῶν
386 2541 484 2607 ἀετῶν,
504 2542 549 2592 καί
563 2539 598 2593 δι’
613 2540 700 2593 αὐτοῦ
715 2540 748 2593 τό
762 2557 793 2593 τε
809 2540 946 2606 μετοίκιον
960 2540 1065 2594 τίθεται
1080 2542 1152 2594 κατὰ

134 2630 197 2682 ἔτος
216 2630 260 2681 καί
278 2629 314 2681 τὰ
332 2630 400 2681 ἄλλα
420 2630 567 2682 διοικεῖται.
605 2630 675 2682 ὅταν
694 2630 744 2682 οὖν
763 2645 804 2682 τις
824 2632 916 2682 δοκῶν
935 2631 1006 2683 εῖναι
1026 2631 1151 2695 μέτοικος

134 2717 292 2784 προςτάτην
316 2720 353 2784 μή
377 2719 426 2786 ἔχῃ
450 2720 468 2784 ἢ
493 2720 530 2784 μὴ
555 2720 595 2786 δῷ
619 2719 652 2770 τὸ
673 2718 811 2784 μετοίκιον
830 2721 848 2785 ἢ
868 2720 949 2772 ἀετὸς
968 2720 1039 2772 εῖναι
1058 2720 1150 2786 φάςκη

134 2808 414 2872 παρεγγεγραμμένος
433 2806 470 2859 είς
488 2809 541 2873 τὴν
560 2806 709 2875 πολιτείαν,
729 2808 745 2860 6
765 2809 933 2874 βουλόμενος
953 2807 1032 2874 δίκην
1051 2807 1151 2873 είςάγει
1166 2820 1192 2860 25

134 2896 204 2962 πρὸς
222 2897 317 2963 αὐτόν,
337 2898 398 2961 ἥτις
417 2897 525 2959 λέγεται
544 2898 735 2962 ἀπροεταςίου.

206 3044 270 3098 Lux.
291 3065 312 3098 s.
333 3065 427 3106 ονκατ.
446 3065 474 3116 p.
496 3023 564 3115 183J
580 3052 608 3101 4:
638 3048 833 3114 Ἀρδηττοε·
864 3051 930 3115 ὄρος
956 3048 1041 3114 ἐςτίν,
1070 3048 1100 3101 ἐν
1128 3049 1151 3115 ῴ

134 3137 201 3189 τοὺς
220 3137 321 3202 ὅρκους
340 3137 496 3190 ἐποιοῦντο.

206 3285 271 3338 Lnx.
293 3305 313 3339 s.
335 3305 422 3346 οτικτ.
442 3306 469 3356 p.
490 3293 555 3354 216,
575 3293 621 3342 29:
649 3289 804 3356 ἀρεςτήρ·
829 3289 958 3343 πόπανον
981 3290 1014 3341 τὸ
1039 3290 1069 3342 ἐν
1092 3294 1152 3340 ταῖς

135 3375 238 3428 θυςίαις
257 3377 447 3444 ἐπιτιθέμενον
465 3379 536 3433 κατὰ
554 3383 606 3432 τοῦ
625 3380 713 3445 πυρὸς
733 3381 850 3445 ἀρεςτὴρ
870 3381 998 3431 καλεῖται.
1166 3389 1192 3428 ιο

206 3589 289 3642 ἐκαὶ
309 3589 373 3644 add.
393 3583 511 3644 Bekker.
587 3597 619 3645 21
641 3590 696 3662 ἔχει
714 3591 833 3645 Bekker.

937 3681 989 3732 10*
