2666 3912
148 235 209 286 VH.
229 235 316 284 ΠΕΡΙ
334 233 410 284 ΤΟΤ
428 233 670 284 ΧΑΡΑΚΤΗΡΟΣ
689 232 763 283 ΤΩΝ
782 233 877 283 ΔΕΚΑ
896 233 1068 284 ΡΗΤΟΡΩΝ
1123 230 1164 294 91

218 393 286 459 102
312 393 360 480 (=
383 394 406 458 4
429 390 481 480 B.)
526 392 581 458 Ps.
605 393 840 458 Puvrrucnvs
869 395 907 458 de
935 394 1013 458 uitis
1036 401 1063 457 X
1087 399 1165 458 orat.

147 525 178 586 p.
198 501 307 566 833d:
339 503 491 581 Ψήφιεμα
522 503 573 565 ἐπὶ
603 502 801 581 Θεοπόμπου
835 501 1007 581 ἄρχοντοε,
1041 501 1092 580 ἐφ’
1127 501 1165 565 οὗ

147 609 179 672 οἱ
209 610 406 687 τετρακόειοι
436 609 653 687 κατελύθηεαν
685 609 874 691 [ψήφιεμα],
907 609 975 672 καθ’
1004 609 1023 672 ὃ
1055 609 1197 674 ἔδοξενυ

148 715 351 794 Ἀντιφῶντα
364 721 516 793 κριθῆναι,
536 716 555 778 ὃ
572 716 742 779 Κεκίλιοε
761 718 998 794 παρατέθειται·
1019 715 1166 791 ,Ἔδοξε

147 830 190 906 τῇ
217 826 347 906 βουλῇ,
377 828 439 905 μιᾷ
468 824 527 885 καὶ
551 821 701 905 εἰκοετῇ
725 827 790 900 τῆε
814 824 1059 901 πρυτανείαε,
1088 823 1165 901 Δη-
1194 842 1207 882 5

147 931 305 1007 μόνικοε
322 929 586 1006 Ἀλωπεκῆθεν
607 930 885 1008 ἐγραμμάτευε,
906 930 1166 1008 Φιλόετρατοε

147 1037 375 1114 Παλληνεὺε
404 1036 615 1110 έπεετὰτει,
643 1035 813 1114 Ἄνδρων
843 1035 934 1100 εἷπε.
981 1038 1067 1114 περὶ
1090 1042 1165 1102 τῶν

147 1143 301 1221 ἀνδρῶν
334 1144 399 1206 obe
433 1142 717 1220 ἀποφαίνουειν
751 1142 785 1206 οἱ
818 1145 1022 1221 στρατηγοὶ
1053 1164 1165 1221 πρεε-

148 1251 383 1329 βευομένουε
412 1248 465 1312 εἰε
489 1248 758 1327 Λακεδαίμονα
787 1250 847 1312 ἐπὶ
875 1256 974 1334 κακῷ
1002 1255 1067 1328 τῆε
1096 1252 1165 1315 πό-

147 1359 243 1420 λεωε
276 1358 340 1432 τῆ(
369 1354 577 1432 Ἀθηναίων
609 1356 670 1418 καὶ
703 1353 771 1438 [ἐκ]
804 1360 871 1419 τοῦ
901 1359 1165 1434 στρατοπέδου
1181 1377 1206 1416 10

147 1466 259 1526 πλεῖν
289 1463 350 1525 ἐπὶ
378 1463 565 1540 πολεμία(
593 1464 688 1526 νεὼε
717 1464 778 1526 καὶ
806 1467 984 1530 πεζεῡεαι
1008 1465 1069 1527 διὰ
1093 1466 1165 1528 Δε-

148 1570 312 1644 κελείαε,
328 1567 633 1647 Ἀρχεπτόλεμον
649 1570 709 1632 καὶ
723 1567 960 1648 Ὀνομακλέα
974 1572 1033 1633 καὶ
1048 1570 1165 1635 Ἀντι-

148 1681 283 1756 φῶντα
320 1679 523 1753 ευλλαβεῑν
556 1678 616 1739 καὶ
649 1675 865 1740 ἀποδοῦναι
899 1675 951 1739 εἰε
983 1678 1026 1740 τὸ
1060 1682 1194 1740 δικα-σ

147 1784 316 1862 (τήριον,
332 1782 435 1847 ὄπυιε
452 1787 541 1846 δῶει
557 1783 678 1860 δίκην·
693 1783 972 1861 παραεχόντων
987 1782 1166 1848 δἀὐτοὺε

147 1890 184 1953 οἱ
218 1891 422 1968 ετρατηγοὶ
455 1890 515 1952 καὶ
549 1890 588 1952 έκ
624 1893 689 1967 τῆε
728 1893 868 1968 βουλῆε
906 1889 1083 1954 οὕετιναε
1122 1891 1165 1956 ἂν
1181 1909 1206 1950 ιε

148 2002 241 2081 δοκῇ
264 2001 347 2060 τοῑε
366 2000 593 2074 ετρατηγοῖε
612 1998 915 2075 προεελομένοιε
935 1999 1043 2076 μέχρι
1063 1999 1166 2074 δέκα,

148 2103 254 2167 ὅπωε
278 2104 322 2168 ἂν
346 2105 432 2180 περὶ
456 2104 661 2182 παρόντων
683 2104 839 2180 γένηται
858 2103 877 2180 ἡ
898 2104 1027 2181 κρίειε·
1051 2125 1165 2182 προε-

148 2210 390 2275 καλεεὰεθων
410 2209 437 2272 δ’
453 2210 593 2274 αὐτοὺ(
613 2211 647 2273 οἱ
667 2211 891 2288 θεεμοθέται
911 2210 950 2274 έν
970 2217 1011 2294 τῇ
1031 2210 1166 2289 αὔριον

147 2317 281 2400 ἡμέρᾳ,
313 2318 373 2380 καὶ
402 2317 651 2391 εἰεαγόντων,
681 2317 838 2380 ἐπειδὰν
867 2315 903 2379 αἱ
931 2317 1080 2394 κλήεειε
1110 2319 1165 2383 ἐξ·

148 2425 302 2500 ήκωειν,
322 2424 376 2487 εἰε
395 2423 437 2486 τὸ
458 2423 704 2500 δικαετήριον
723 2425 808 2501 περὶ
827 2424 1045 2501 προδοείαε.
1079 2445 1165 2487 κατ·
1181 2443 1206 2482 ro

149 2534 306 2608 ηγορεῖν
338 2529 422 2612 <δέ>
454 2531 543 2593 τοὺ(
575 2531 792 2613 ᾐρημένουε
830 2531 1069 2608 ευνηγόρουε
1107 2532 1167 2593 καὶ

147 2637 238 2699 τοὺε
276 2638 510 2715 ετρατηγοὺε
548 2637 608 2699 καὶ
645 2635 761 2700 ἄλλο(
799 2636 843 2700 ἄν
880 2657 935 2701 τιτ
969 2637 1166 2715 βούληται·

149 2741 242 2806 ότου
266 2742 298 2806 δ’
323 2743 367 2806 ἂν
391 2743 703 2822 καταψηφίσηται
726 2743 769 2806 τὸ
794 2744 1052 2821 δικαετήριον,
1081 2746 1168 2823 περὶ

149 2850 269 2914 αὐτοῦ
297 2854 424 2913 ποιεῖν
455 2851 549 2914 κατὰ
580 2851 646 2913 τὸν
681 2851 812 2928 νόμον,
848 2850 889 2914 ὃ(
925 2854 1046 2914 κεῖται
1081 2852 1167 2929 περὶ

148 2961 225 3020 τῶν
253 2957 512 3035 προδόντων“.
559 2957 665 3041 τούτῳ
694 2956 938 3034 ὑπογέγραπται
962 2963 1008 3042 τῷ
1032 2958 1167 3035 δόγματι
1182 2965 1233 3014 834

222 3184 389 3254 θψήφισμα
413 3184 466 3238 del.
491 3184 629 3239 Duebner.
712 3184 807 3250 ἔδοξεν
829 3183 943 3250 Reiske‚
969 3183 1070 3248 ἔδοξαν
1092 3182 1167 3236 libri.

150 3264 166 3309 ὁ
181 3257 363 3327 πρυτανείας]
373 3255 464 3310 tribue
474 3272 574 3310 nomen
586 3256 683 3310 deesse
693 3257 802 3310 monuit
813 3255 997 3310 Schoemann.
1061 3261 1074 3308 7
1091 3257 1168 3309 Παλ-

148 3328 248 3395 ληνεὺς
261 3327 372 3395 Τυγλοκ,
387 3328 536 3395 πελληνειλς
551 3327 625 3381 libri.
697 3333 729 3380 10
744 3330 775 3382 ἐκ
789 3327 842 3381 del.
858 3326 969 3380 Reiske.
1035 3332 1068 3380 16
1083 3341 1167 3390 προσ-

149 3398 289 3467 ελομένοις
302 3397 414 3462 Reiske‚
428 3398 646 3467 προσελομένους
658 3399 733 3453 libri.
808 3404 849 3452 17.
867 3403 899 3452 18
914 3397 1168 3465 προσκαλεσάσθων

149 3469 319 3523 Herwerden
333 3471 362 3522 eb
376 3470 464 3536 Elusa,
479 3469 769 3537 προσκαλεσάσθωσαν
783 3469 856 3523 libri.
928 3475 960 3521 21
976 3469 1008 3523 δὲ
1024 3470 1088 3522 add.
1104 3467 1169 3538 Em·

149 3540 252 3608 perius.
340 3539 494 3614 ᾑρημένους
512 3541 667 3610 Turnebus,
686 3541 847 3611 εἰρημένους
865 3540 939 3594 libri.
1027 3547 1060 3594 25
1079 3539 1167 3610 τούτῳ

148 3611 303 3678 Turnebus,
321 3622 403 3667 τοῦτο
421 3613 495 3667 libri.
