2664 3906
180 208 245 274 184
315 214 377 264 ΧΠ.
396 214 550 264 ΕΚΑΟΓΗ
568 211 719 272 ΛΕΞΕΩΝ
737 215 833 265 ΚΑΤΑ
851 217 1050 268 ΣΤΟΙΧΕΙΟΝ

172 372 312 438 ὠρχηςθαι
330 373 428 439 αύτάς,
452 374 517 426 δέον
540 374 607 427 οὐδὲ
629 375 743 428 πιούςας
761 375 934 442 ἀπηλλάχθαι
951 381 1002 428 τού
1023 376 1189 441 ςυμποςίου’

172 460 336 528 [ἐγένοντο].

243 582 354 638 θνιυκει
381 588 556 654 ῥᾳθυμεῖν
581 588 633 653 ούχ
656 589 696 640 ὡς
718 590 797 654 ἡμεῖς
819 605 913 656 φαμεν
935 590 969 642 τό
992 595 1051 643 τοῖς
1073 590 1192 656 ἀφροδι-

171 672 237 725 ςίοις
256 673 409 741 ςχολάζειν,
434 676 502 728 ἀλλά
521 677 617 729 ἁπλῶς
634 677 668 729 τό
688 677 782 742 ἀργειν
801 681 846 730 καί
863 682 988 744 τρυφᾶν,
1007 680 1083 744 παρὰ
1101 679 1135 732 τό
1154 680 1192 732 τά

144 763 257 830 σρᾷςτα
274 767 315 830 τῷ
335 767 416 832 θυμῷ
435 765 549 818 διδόναι.

243 883 354 940 Βνιοιοι
378 887 505 954 ῥήτωρ·
529 889 625 955 ῥήτωρ
647 890 681 942 τό
704 890 823 943 παλαιόν
846 889 969 943 ἐκαλεῖτο
989 893 1004 944 ό
1024 891 1105 960 δήμῳ
1125 909 1190 958 ςυμ-

171 977 314 1040 βουλεύων
333 979 377 1029 καί
396 977 412 1028 ό
431 978 462 1030 ἐν
481 977 562 1046 δήμῳ
581 978 738 1045 ἀγορεύων,
763 979 819 1032 εἴτε
841 978 935 1032 ἱκανὸς
958 979 1000 1046 εἴη
1025 982 1114 1045 λέγειν
1133 981 1190 1034 εἶτε

171 1068 215 1118 καὶ
233 1065 383 1132 ἀδύνατος,
408 1066 462 1118 εἴτε
487 1069 531 1119 καὶ
555 1067 610 1120 ἀπό
634 1073 685 1120 τού
706 1068 846 1132 βελτίςτου
865 1071 910 1120 καί
929 1070 1104 1123 δικαιοτάτου
1124 1086 1190 1136 ςυμ-

171 1155 313 1219 βουλεύων
337 1154 387 1207 εἰτ’
410 1155 454 1208 ἐπ’
477 1154 587 1209 οἰκείοις
609 1156 735 1222 λήμμαςι.
773 1160 818 1209 καί
840 1159 856 1209 ό
879 1159 1061 1225 Δημοςθένης
1083 1164 1190 1212 τοῦτον

130 1258 155 1297 ιο
171 1245 246 1296 καλεῖ
268 1243 386 1309 ῥήτορα,
412 1243 524 1297 ἐπειδὰν
548 1245 614 1313 λέγῃ
635 1247 763 1313 (XII120)
790 1245 895 1312 ‘eirwp
914 1247 1027 1312 ἡγεμὼν
1046 1250 1090 1300 καὶ
1109 1264 1190 1314 (τρα-

168 1333 255 1398 τηγὸς
281 1333 336 1385 ύπὸ
361 1332 476 1400 τούτῳ’,
507 1336 551 1386 καί
577 1334 692 1400 ἑτέρωθι
711 1334 778 1401 (XXI
798 1337 859 1402 189)
885 1334 952 1399 ’ἐγὼ
979 1333 1012 1402 δ’,
1041 1334 1064 1388 εἰ
1092 1337 1142 1401 μὲν
1171 1337 1189 1389 ὁ

170 1422 366 1487 ςυμβουλεύυιν
390 1422 454 1486 ύμῖν
479 1423 494 1474 ὅ
517 1438 544 1475 τι
567 1423 602 1474 ἀν
626 1425 775 1489 ςυμφέρειν
798 1425 912 1489 ἡγῆται,
938 1423 1082 1490 ..ῥήτωρ
1105 1425 1188 1492 ἐςτίν,

169 1510 230 1563 οὔτ’
246 1510 382 1576 ἀρνοῦμαι
401 1511 467 1563 οὔτε
487 1512 602 1576 φύγοιμι
622 1513 656 1563 ἂν
674 1513 799 1577 τοῦνομα
817 1517 916 1565 τούτο·
936 1512 1004 1566 εἰδὲ
1020 1554 1025 1566 .
1042 1555 1047 1566 .
1064 1513 1163 1566 οἵους.
1180 1556 1188 1566 .

169 1599 225 1663 ἐγὼ
249 1602 294 1654 καί
317 1600 395 1665 ὑμεῖς
419 1601 449 1652 δὲ
473 1601 569 1666 ὁρᾶτε,
594 1601 778 1653 ἀπαιδεύτου(
799 1603 844 1653 καλ
863 1601 914 1667 ἀφ’
932 1602 1011 1666 ὑμῶν
1029 1604 1189 1670 πεπλουτη-

129 1702 154 1742 15
169 1690 260 1754 κότος,
281 1689 333 1742 ούκ
351 1689 386 1741 ἀν
405 1688 466 1755 εἴην
485 1690 568 1742 ούτος
587 1689 664 1752 ἐγώ’.
702 1691 746 1743 καί
765 1693 876 1743 πολλοῖς
895 1690 1048 1756 ψηφίςμαςι
1066 1693 1189 1757 παραγέ-

167 1793 287 1844 γραπται
306 1779 439 1844 ῥητορικὴ
459 1778 491 1830 ἐκ
510 1780 625 1845 βουλῆς,
650 1777 672 1831 εἰ
697 1777 816 1845 εἰςφέρει
838 1795 880 1831 τις
902 1781 1031 1846 γνώμην,
1055 1780 1124 1832 ἀλλὰ
1148 1783 1187 1846 μὴ

168 1867 254 1919 αὐτός
272 1865 344 1920 ἰδίαν
362 1867 451 1933 τύχην
469 1868 633 1932 ἡγούμενος.

239 1988 351 2043 θνιυκει
376 1991 507 2058 ῥόθιον·
531 1993 564 2044 τὸ
589 1992 657 2057 μετὰ
681 1992 780 2058 ψόφου
805 1996 877 2056 κθμα
897 1994 914 2057 ἢ
934 1993 1034 2058 ῥεῦμα,
1058 1994 1133 2058 παρὰ
1151 1994 1187 2046 τὸ

166 2080 274 2145 ταχέως
290 2082 354 2147 ῥεῖν.
389 2080 513 2147 ςημοίνει
528 2083 572 2134 καί
586 2081 639 2146 τὴν
654 2079 778 2146 εἰρεςίαν.
799 2122 826 2133 ..
844 2122 849 2133 .
875 2081 1020 2147 Ὑπερίδης
1038 2086 1079 2148 τῷ
1099 2082 1188 2150 ῥοθίῳ

127 2184 154 2223 ιο
167 2168 212 2220 ἐπ’
239 2168 354 2235 εἰρεςίας
381 2171 511 2236 κέχρηται
539 2169 757 2235 ςυντονωτάτης.
796 2172 863 2236 φηςλ
889 2173 959 2232 γοῦν
984 2167 1027 2237 (fr.
1048 2173 1098 2221 157
1117 2169 1187 2239 Bw)

168 2257 212 2311 ‘ri
233 2259 283 2324 μὲν
302 2259 353 2311 ούν
372 2264 430 2312 τῶν
450 2259 627 2311 ἐλαυνόντων
645 2262 751 2325 πλῆθος
771 2261 815 2311 καλ
833 2259 884 2310 τόν
901 2263 952 2311 τού
972 2257 1068 2324 ῥοθίου
1085 2260 1187 2326 ψόφον

166 2350 212 2400 καί
229 2348 263 2400 τό
283 2347 399 2412 μέγεθος
417 2352 467 2400 τού
488 2348 612 2414 ςκάφους
631 2347 851 2413 ἐκπεπληγμένοι
870 2348 968 2399 δεινῶς
986 2346 1075 2411 ῆςαν’.

238 2470 350 2525 θνιοιεε
371 2472 500 2538 ςαθροί·
519 2472 638 2538 παλαιοί,
658 2473 819 2538 φθαρέντες.

239 2595 402 2664 Sv1me(ef.
422 2596 475 2649 lex.
495 2595 522 2650 S.
541 2595 630 2663 quini.
650 2613 678 2664 p.
699 2599 759 2662 305,
779 2596 818 2662 9):
847 2595 1060 2663 (ομοθρᾲκη
1087 2598 1185 2661 νήςος·

127 2698 152 2738 25
167 2689 255 2737 κεῖται
278 2686 308 2737 δὲ
332 2688 498 2752 καταντικρύ
521 2689 572 2752 τῆς
596 2686 718 2754 Θρᾴκης,
745 2687 811 2751 φαςί
836 2684 867 2737 δὲ
890 2683 1007 2748 (αμίους
1031 2682 1187 2737 οἰκίςαντας

167 2773 257 2839 αὐτὴν
274 2775 308 2826 τὸ
328 2774 417 2840 όνομα
437 2777 530 2828 θέςθαι
547 2779 646 2828 τούτο
674 2776 718 2826 καί
741 2775 796 2828 ἔςτι
814 2773 889 2838 παρὰ
909 2771 1075 2838 Ἀντιφῶντι
1094 2772 1124 2824 ἐν
1141 2778 1184 2840 τῷ

166 2861 364 2930 (αμοθρᾳκικῷ
389 2864 465 2932 λόγῳ
493 2865 584 2918 οὕτως
610 2861 756 2929 εἰρημένον
784 2859 828 2929 (fr.
849 2864 882 2912 49
901 2857 967 2926 Bw)
997 2859 1053 2913 ‘nal
1077 2861 1131 2927 γὰρ
1158 2861 1186 2914 οἱ

165 2951 219 3014 τὴν
237 2950 326 3016 ἀρχὴν
345 2951 495 3007 οἰκίςαντες
512 2955 565 3020 τὴν
583 2955 668 3018 νήςον
687 2952 756 3018 ἦςαν
771 2950 873 3016 (ἀμιοι,
893 2950 922 3004 ἐξ
941 2949 981 3001 ὧν
997 2950 1077 3013 ἡμεῖς
1091 2949 1186 3013 ἐγενό-

238 3060 271 3108 23
290 3056 358 3111 uide
376 3059 452 3112 infre
470 3078 497 3128 p.
519 3064 578 3125 185,
598 3063 622 3110 4.

165 3167 380 3178 h—

237 3233 401 3302 θέρένοντο
426 3236 479 3292 del.
500 3237 628 3291 Kueeier.
721 3240 752 3289 11
772 3232 879 3287 τούτων
897 3231 1013 3299 reliqui,
1040 3231 1129 3304 τούτῳ
1147 3231 1181 3288 V.

167 3307 199 3355 12
220 3304 286 3373 ὑμῖν
304 3304 335 3358 in
353 3306 433 3360 Dem.
454 3309 514 3362 eod.
535 3309 628 3361 exstet
645 3308 710 3375 posi
729 3302 888 3374 συμφέρειν.
962 3308 995 3357 16
1015 3301 1040 3356 εἰ
1059 3301 1185 3372 εἰσφέρει

164 3373 343 3443 Bernhardy,
362 3377 487 3446 εἰσφέρει
504 3378 605 3444 ARV,
625 3377 650 3432 εἰ
668 3376 749 3444 φέρει
766 3375 797 3429 Ε.
872 3379 904 3427 17
923 3373 1088 3444 ἡγούμενος]
1109 3374 1183 3443 εἰση-

165 3443 301 3513 γούμενος
314 3447 361 3500 uel
370 3449 539 3516 αἱρούμενος
553 3447 624 3503 coni.
635 3447 807 3514 Bernhardy.
880 3450 915 3498 20
930 3445 998 3513 φησὶ
1012 3452 1081 3512 γοῦν
1094 3445 1184 3528 Beni-

164 3514 264 3585 hardy,
285 3519 371 3586 φησίυ
386 3517 437 3575 οὖν
455 3520 530 3574 libri.
605 3525 639 3572 25
659 3517 820 3578 οἰκίσαντας
833 3516 865 3582 Ε,
884 3515 1052 3584 οἰκήσαντας
1069 3515 1183 3583 rehqur.

167 3590 199 3632 Ὢ
219 3586 375 3652 οἰκίσαντες
393 3590 416 3644 Ε
436 3608 504 3646 corr.
524 3593 554 3646 et
571 3589 694 3656 Boeokh,
714 3587 876 3656 οἰκήσαντες
894 3585 967 3640 libri.
