2666 3912
191 211 255 277 138
274 215 308 266 X.
319 215 448 266 ΣΤΓΚΡ.
459 216 491 266 Δ.
501 216 535 266 Κ.
545 215 578 267 Α.
597 217 645 268 ΚΙ.
660 217 694 266 Κ.
706 215 813 267 ΦΡΤΓ.
833 217 895 267 XII.
909 217 995 267 EKA.
1006 216 1090 273 ΔΕΞ.
1100 218 1134 268 Κ.
1146 217 1201 267 ΣΤ.

679 393 710 458 Χ

539 538 848 612 ΣΤΓΚΡΙΣΙΣ

259 662 693 739 ΔΗΜΟΣΘΕΝΟΤΣ
720 661 823 738 ΚΑΙ
849 663 1130 738 ΑΙΣΧΙΝΟΤ

277 821 462 905 Σύγκρισις
484 821 729 906 Δημοσθένους
751 820 806 885 καὶ
830 823 994 906 Αἰσχίνου
1019 820 1156 886 SVIDAS.

258 960 305 1014 hic
322 960 437 1015 libellus
455 961 540 1029 plane
559 960 675 1015 interiit.
713 960 748 1014 cf.
768 960 894 1014 Brzosn
913 961 932 1014 I.
953 977 976 1014 e.
995 979 1022 1030 p.
1044 966 1121 1016 1184.

669 1248 717 1312 XI

415 1391 574 1467 ΚΑΤΑ
601 1392 833 1466 ΦΡΤΓΩΝ
861 1392 972 1468 ΔΤΟ

274 1551 369 1615 Κατὰ
393 1556 539 1635 Φρυγῶν
562 1551 637 1616 δύο·
668 1554 738 1616 ἔστι
766 1551 805 1616 δὲ
832 1553 915 1616 κατὰ
938 1561 1103 1635 στοιχεῖον
1126 1551 1202 1616 ἀπό-

185 1654 287 1734 δειξις
310 1666 370 1722 τοῦ
394 1660 548 1743 εἰρῆσθαι
572 1668 683 1723 πᾶσαν
707 1657 796 1735 λέξιν
820 1657 958 1722 SVIDAS.

256 1796 339 1852 huius
357 1797 424 1851 libri
441 1796 483 1850 nil
501 1797 538 1851 ad
556 1814 607 1851 nos
625 1797 787 1866 peruenisse
805 1797 926 1852 uidetur.

663 2100 726 2165 XII

390 2244 1000 2321 ΚΑΑΑΙΡΡΗΜΟΣΤΝΗΣ*

184 2369 428 2445 ΕΚΑΟΓΗ
449 2367 685 2452 ΑΕΞΕΩΝ
706 2368 864 2444 ΚΑΤΑ
881 2370 1202 2446 ΣΤΟΙΧΕΙΟΝ

274 2529 595 2614 Καίλιρρημοσύνης
619 2549 648 2588 ι·
677 2531 746 2594 ἔστι
775 2524 812 2593 δὲ
836 2527 954 2613 ἐκλογὴ
979 2527 1098 2606 λέξεων
1120 2532 1203 2595 κατὰ

183 2645 349 2720 στοιχεῖον
373 2634 510 2700 SVIDAS.

233 2836 324 2904 *155
343 2845 509 2900 VindIcauii
519 2845 639 2900 Caecilio
654 2845 705 2898 has
720 2845 829 2915 glossas
843 2862 916 2914 quae
928 2849 1084 2914 sequuntur
1092 2847 1201 2904 Borsrr

184 2934 202 2988 l.
222 2951 245 2988 c.
265 2953 291 3004 p.
313 2939 417 2988 18-32
446 2937 476 2988 ei
501 2952 529 3004 p.
550 2939 655 2988 85—89
684 2936 713 2989 ei
740 2953 767 3004 p.
788 2941 829 2988 51.
868 2935 917 2988 sed
941 2933 976 2989 cf.
1001 2935 1099 3001 eiiam,
1128 2952 1201 3003 quae

184 3023 260 3077 idem
278 3023 323 3076 uir
341 3023 440 3077 doctus
459 3023 575 3078 Hermos
594 3031 671 3077 xvm
690 3028 759 3076 1883
778 3041 805 3092 p.
826 3028 916 3091 313,1
937 3023 1017 3077 dixit.
1054 3026 1201 3094 praeterea

183 3111 250 3164 uide
269 3110 301 3164 G.
320 3111 458 3165 Wrrrzirr.
477 3111 495 3166 l.
515 3129 536 3166 s.
555 3131 583 3181 p.
603 3117 698 3166 48284.

255 3235 353 3289 8νιυιι
373 3254 393 3291 s.
408 3255 435 3290 u.
454 3237 593 3304 ἀγραφίου
614 3237 658 3305 (cf.
673 3237 726 3290 lex.
743 3235 805 3306 Seg.
821 3239 913 3304 quart.
927 3235 1049 3291 Bekkeri
1063 3237 1199 3291 Anecdot.

185 3323 229 3378 Gr.
240 3342 267 3393 p.
279 3330 339 3391 184,
350 3330 383 3378 23
394 3327 423 3379 et
433 3324 582 3395 Gregorius
594 3324 754 3378 Corinthius
765 3324 817 3379 Rh.
829 3325 873 3379 Gr.
884 3334 927 3379 VII
937 3332 952 3378 2
963 3343 990 3395 p:
1003 3326 1199 3396 1120‚11W.):

185 3456 235 3468 ...
255 3414 425 3481 ἀγραφίου
450 3414 538 3482 δίκη·
563 3420 622 3468 τῶν
641 3415 673 3468 ἐκ
691 3415 840 3481 καταδίκη(
859 3417 1036 3482 ὠφληκότων
1053 3422 1095 3485 τῷ
1115 3419 1201 3483 δημο-

184 3503 232 3571 einp
250 3504 388 3569 γράφουει
406 3505 442 3556 τὰ
461 3504 585 3568 ὀνόματα
604 3503 635 3556 ἐν
654 3503 755 3556 (ανίειν
774 3503 800 3556 οἱ
819 3505 889 3557 κατὰ
903 3506 1000 3571 καιρὸν
1013 3508 1075 3572 περί
1088 3507 1200 3558 τούτων

158 3593 366 3659 ιδιοικοῠντεε,
389 3594 581 3658 προετιθέντε(
604 3592 657 3644 ἀνὰ
680 3592 767 3644 πὸεον
791 3593 846 3645 ἐετί
868 3594 901 3645 τὸ
921 3595 1043 3660 ὄφλημα.
1081 3595 1149 3647 ὅταν
1169 3596 1199 3648 δὲ
