<?xml version="1.0" encoding="UTF-8"?>
<!DOCTYPE html PUBLIC "-//W3C//DTD XHTML 1.0 Transitional//EN"
    "http://www.w3.org/TR/xhtml1/DTD/xhtml1-transitional.dtd">
<html xmlns="http://www.w3.org/1999/xhtml" xml:lang="en" lang="en">
 <head>
  <title>
</title>
<meta http-equiv="Content-Type" content="text/html;charset=utf-8" />
  <meta name='ocr-system' content='tesseract 3.04.00' />
  <meta name='ocr-capabilities' content='ocr_page ocr_carea ocr_par ocr_line ocrx_word'/>
</head>
<body>
  <div class='ocr_page' id='page_1' title='image "./caeciliicalacti00caecgoog_0204.png"; bbox 0 0 2664 3906; ppageno 0'>
   <div class='ocr_carea' id='block_1_1' title="bbox 268 208 1145 273">
    <p class='ocr_par' dir='ltr' id='par_1_1' title="bbox 268 208 1145 273">
     <span class='ocr_line' id='line_1_1' title="bbox 268 208 1145 273; baseline 0.016 -13"><span class='ocrx_word' id='word_1_1' title='bbox 268 209 330 260; x_wconf 74' lang='grc' dir='ltr'>ΧΠ.</span> <span class='ocrx_word' id='word_1_2' title='bbox 349 209 503 260; x_wconf 69' lang='lat' dir='ltr'>mom</span> <span class='ocrx_word' id='word_1_3' title='bbox 520 208 672 268; x_wconf 75' lang='grc' dir='ltr'>ΛΕΞιυιιι</span> <span class='ocrx_word' id='word_1_4' title='bbox 689 212 785 261; x_wconf 76' lang='lat' dir='ltr'>RATA</span> <span class='ocrx_word' id='word_1_5' title='bbox 804 211 1003 263; x_wconf 68' lang='grc' dir='ltr'>νποιιιμιοιι</span> <span class='ocrx_word' id='word_1_6' title='bbox 1081 209 1145 273; x_wconf 83' lang='grc'>159</span> 
     </span>
    </p>
   </div>
   <div class='ocr_carea' id='block_1_2' title="bbox 200 366 1145 438">
    <p class='ocr_par' dir='ltr' id='par_1_2' title="bbox 200 366 1145 438">
     <span class='ocr_line' id='line_1_2' title="bbox 200 366 1145 438; baseline 0.003 -18"><span class='ocrx_word' id='word_1_7' title='bbox 200 366 266 421; x_wconf 75' lang='grc' dir='ltr'>Ιιπκ.</span> <span class='ocrx_word' id='word_1_8' title='bbox 291 385 312 421; x_wconf 82' lang='lat' dir='ltr'><strong>s.</strong></span> <span class='ocrx_word' id='word_1_9' title='bbox 336 385 431 429; x_wconf 76' lang='grc' dir='ltr'>ανιαπ.</span> <span class='ocrx_word' id='word_1_10' title='bbox 455 387 483 437; x_wconf 90' lang='lat' dir='ltr'>p.</span> <span class='ocrx_word' id='word_1_11' title='bbox 505 374 568 435; x_wconf 78' lang='grc'>187,</span> <span class='ocrx_word' id='word_1_12' title='bbox 588 374 635 422; x_wconf 79' lang='lat'>29:</span> <span class='ocrx_word' id='word_1_13' title='bbox 664 369 710 424; x_wconf 85' lang='grc' dir='ltr'>εἰς</span> <span class='ocrx_word' id='word_1_14' title='bbox 739 371 900 438; x_wconf 81' lang='grc' dir='ltr'>ἐμφανῶν</span> <span class='ocrx_word' id='word_1_15' title='bbox 929 371 1145 424; x_wconf 87' lang='grc' dir='ltr'>κατάςταςιν·</span> 
     </span>
    </p>
   </div>
   <div class='ocr_carea' id='block_1_3' title="bbox 15 458 903 526">
    <p class='ocr_par' dir='ltr' id='par_1_3' title="bbox 15 458 903 526">
     <span class='ocr_line' id='line_1_3' title="bbox 15 458 903 526; baseline 0 -14"><span class='ocrx_word' id='word_1_16' title='bbox 15 489 19 502; x_wconf 90' lang='lat'><em>·</em></span> <span class='ocrx_word' id='word_1_17' title='bbox 129 459 198 512; x_wconf 84' lang='grc' dir='ltr'>όταν</span> <span class='ocrx_word' id='word_1_18' title='bbox 216 458 252 511; x_wconf 86' lang='grc' dir='ltr'>τὰ</span> <span class='ocrx_word' id='word_1_19' title='bbox 272 459 481 523; x_wconf 86' lang='grc' dir='ltr'>ἐπιδικαζόμενα</span> <span class='ocrx_word' id='word_1_20' title='bbox 500 464 615 513; x_wconf 86' lang='grc' dir='ltr'>τεθῶςιν</span> <span class='ocrx_word' id='word_1_21' title='bbox 634 460 679 513; x_wconf 81' lang='grc' dir='ltr'>ἐπὶ</span> <span class='ocrx_word' id='word_1_22' title='bbox 696 465 748 513; x_wconf 82' lang='grc' dir='ltr'>τοῦ</span> <span class='ocrx_word' id='word_1_23' title='bbox 768 460 903 526; x_wconf 83' lang='grc' dir='ltr'>ὑπάρχου.</span> 
     </span>
    </p>
   </div>
   <div class='ocr_carea' id='block_1_4' title="bbox 127 581 1187 1095">
    <p class='ocr_par' dir='ltr' id='par_1_4' title="bbox 127 581 1187 1095">
     <span class='ocr_line' id='line_1_4' title="bbox 201 581 1145 652; baseline 0.001 -17"><span class='ocrx_word' id='word_1_24' title='bbox 201 581 300 635; x_wconf 73' lang='grc' dir='ltr'>Βνιοιε</span> <span class='ocrx_word' id='word_1_25' title='bbox 314 581 360 652; x_wconf 80' lang='lat' dir='ltr'><strong>(ef.</strong></span> <span class='ocrx_word' id='word_1_26' title='bbox 375 581 428 636; x_wconf 81' lang='lat' dir='ltr'><strong>lex.</strong></span> <span class='ocrx_word' id='word_1_27' title='bbox 444 582 470 636; x_wconf 87' lang='lat' dir='ltr'><strong>S.</strong></span> <span class='ocrx_word' id='word_1_28' title='bbox 485 585 576 650; x_wconf 76' lang='lat' dir='ltr'><strong>quart.</strong></span> <span class='ocrx_word' id='word_1_29' title='bbox 591 601 618 651; x_wconf 92' lang='lat' dir='ltr'>p.</span> <span class='ocrx_word' id='word_1_30' title='bbox 635 587 695 650; x_wconf 79' lang='lat'>187,</span> <span class='ocrx_word' id='word_1_31' title='bbox 710 585 767 652; x_wconf 55' lang='grc' dir='ltr'>θὴς</span> <span class='ocrx_word' id='word_1_32' title='bbox 787 583 964 650; x_wconf 85' lang='grc' dir='ltr'>εἰςιτήρια·</span> <span class='ocrx_word' id='word_1_33' title='bbox 981 585 1072 651; x_wconf 84' lang='grc' dir='ltr'>ἡμέρα</span> <span class='ocrx_word' id='word_1_34' title='bbox 1086 584 1145 650; x_wconf 88' lang='grc' dir='ltr'>ἑορ-</span> 
     </span>
     <span class='ocr_line' id='line_1_5' title="bbox 127 673 1145 741; baseline 0.001 -16"><span class='ocrx_word' id='word_1_35' title='bbox 127 676 187 740; x_wconf 81' lang='grc' dir='ltr'>τῆς,</span> <span class='ocrx_word' id='word_1_36' title='bbox 207 673 237 725; x_wconf 92' lang='grc' dir='ltr'>ἐν</span> <span class='ocrx_word' id='word_1_37' title='bbox 255 674 272 740; x_wconf 79' lang='grc' dir='ltr'>ᾗ</span> <span class='ocrx_word' id='word_1_38' title='bbox 293 673 319 725; x_wconf 88' lang='grc' dir='ltr'>οἱ</span> <span class='ocrx_word' id='word_1_39' title='bbox 339 673 369 725; x_wconf 89' lang='grc' dir='ltr'>ἐν</span> <span class='ocrx_word' id='word_1_40' title='bbox 387 679 422 741; x_wconf 79' lang='grc' dir='ltr'>τῇ</span> <span class='ocrx_word' id='word_1_41' title='bbox 439 673 510 740; x_wconf 80' lang='grc' dir='ltr'>ἀρχῇ</span> <span class='ocrx_word' id='word_1_42' title='bbox 525 673 628 726; x_wconf 88' lang='grc' dir='ltr'>πάντες</span> <span class='ocrx_word' id='word_1_43' title='bbox 646 677 780 740; x_wconf 82' lang='grc' dir='ltr'>προϊᾶςιν,</span> <span class='ocrx_word' id='word_1_44' title='bbox 800 674 892 726; x_wconf 87' lang='grc' dir='ltr'>οὕτως</span> <span class='ocrx_word' id='word_1_45' title='bbox 910 673 1043 726; x_wconf 82' lang='grc' dir='ltr'>ἐκαλεῖτο.</span> <span class='ocrx_word' id='word_1_46' title='bbox 1080 673 1145 726; x_wconf 90' lang='grc' dir='ltr'>ταύ-</span> 
     </span>
     <span class='ocr_line' id='line_1_6' title="bbox 127 762 1187 828; baseline 0 -14"><span class='ocrx_word' id='word_1_47' title='bbox 127 778 181 828; x_wconf 89' lang='grc' dir='ltr'>την</span> <span class='ocrx_word' id='word_1_48' title='bbox 209 763 240 814; x_wconf 85' lang='grc' dir='ltr'>δέ</span> <span class='ocrx_word' id='word_1_49' title='bbox 267 764 320 827; x_wconf 84' lang='grc' dir='ltr'>τὴν</span> <span class='ocrx_word' id='word_1_50' title='bbox 348 763 455 828; x_wconf 77' lang='grc' dir='ltr'>ἡμέραν</span> <span class='ocrx_word' id='word_1_51' title='bbox 482 763 598 828; x_wconf 85' lang='grc' dir='ltr'>πρώτην</span> <span class='ocrx_word' id='word_1_52' title='bbox 625 767 676 815; x_wconf 70' lang='lat' dir='ltr'>roo</span> <span class='ocrx_word' id='word_1_53' title='bbox 706 763 786 815; x_wconf 88' lang='grc' dir='ltr'>ἔτους</span> <span class='ocrx_word' id='word_1_54' title='bbox 815 762 955 828; x_wconf 80' lang='grc' dir='ltr'>Ἀθηναῖοι</span> <span class='ocrx_word' id='word_1_55' title='bbox 982 762 1144 827; x_wconf 84' lang='grc' dir='ltr'>νενομίκαςι.</span> <span class='ocrx_word' id='word_1_56' title='bbox 1172 773 1187 813; x_wconf 78' lang='grc' dir='ltr'>ο</span> 
     </span>
     <span class='ocr_line' id='line_1_7' title="bbox 129 849 1144 920; baseline -0.002 -16"><span class='ocrx_word' id='word_1_57' title='bbox 129 852 311 917; x_wconf 89' lang='grc' dir='ltr'>Δημοςθένης</span> <span class='ocrx_word' id='word_1_58' title='bbox 335 851 365 903; x_wconf 90' lang='grc' dir='ltr'>ἐν</span> <span class='ocrx_word' id='word_1_59' title='bbox 386 856 427 920; x_wconf 76' lang='grc' dir='ltr'>τῷ</span> <span class='ocrx_word' id='word_1_60' title='bbox 446 851 516 917; x_wconf 80' lang='grc' dir='ltr'>Περὶ</span> <span class='ocrx_word' id='word_1_61' title='bbox 534 855 585 917; x_wconf 83' lang='grc' dir='ltr'>τῆς</span> <span class='ocrx_word' id='word_1_62' title='bbox 604 851 821 918; x_wconf 75' lang='grc' dir='ltr'>παραπρεςβείας</span> <span class='ocrx_word' id='word_1_63' title='bbox 840 851 906 918; x_wconf 78' lang='lat' dir='ltr'>(XIX</span> <span class='ocrx_word' id='word_1_64' title='bbox 927 852 988 918; x_wconf 85' lang='lat'>190)</span> <span class='ocrx_word' id='word_1_65' title='bbox 1008 849 1037 917; x_wconf 61' lang='lat' dir='ltr'>‘n</span> <span class='ocrx_word' id='word_1_66' title='bbox 1059 852 1144 916; x_wconf 83' lang='grc' dir='ltr'>βουλὴ</span> 
     </span>
     <span class='ocr_line' id='line_1_8' title="bbox 127 937 1145 1010; baseline 0 -18"><span class='ocrx_word' id='word_1_67' title='bbox 127 940 164 992; x_wconf 87' lang='grc' dir='ltr'>τό</span> <span class='ocrx_word' id='word_1_68' title='bbox 182 939 312 1006; x_wconf 82' lang='grc' dir='ltr'>εἰςιτήρια</span> <span class='ocrx_word' id='word_1_69' title='bbox 332 941 440 1006; x_wconf 90' lang='grc' dir='ltr'>ἐθυςεν,</span> <span class='ocrx_word' id='word_1_70' title='bbox 466 940 678 1006; x_wconf 84' lang='grc' dir='ltr'>ςυνεςτιόθηςαν</span> <span class='ocrx_word' id='word_1_71' title='bbox 698 940 728 992; x_wconf 92' lang='grc' dir='ltr'>δέ</span> <span class='ocrx_word' id='word_1_72' title='bbox 748 942 868 993; x_wconf 79' lang='grc' dir='ltr'>καὶτῶν</span> <span class='ocrx_word' id='word_1_73' title='bbox 888 937 1014 1010; x_wconf 80' lang='grc' dir='ltr'>&lt;ἱερῶν&gt;</span> <span class='ocrx_word' id='word_1_74' title='bbox 1034 939 1145 992; x_wconf 85' lang='grc' dir='ltr'>ἐκοινώ-</span> 
     </span>
     <span class='ocr_line' id='line_1_9' title="bbox 127 1027 979 1095; baseline 0.001 -15"><span class='ocrx_word' id='word_1_75' title='bbox 127 1045 215 1095; x_wconf 88' lang='grc' dir='ltr'>νηςαν</span> <span class='ocrx_word' id='word_1_76' title='bbox 234 1029 260 1082; x_wconf 85' lang='grc' dir='ltr'>οἱ</span> <span class='ocrx_word' id='word_1_77' title='bbox 279 1031 425 1095; x_wconf 81' lang='grc' dir='ltr'>ςτρατηγολ</span> <span class='ocrx_word' id='word_1_78' title='bbox 445 1031 489 1081; x_wconf 84' lang='grc' dir='ltr'>καὶ</span> <span class='ocrx_word' id='word_1_79' title='bbox 509 1029 605 1095; x_wconf 88' lang='grc' dir='ltr'>ςχεδόν</span> <span class='ocrx_word' id='word_1_80' title='bbox 625 1028 710 1082; x_wconf 83' lang='grc' dir='ltr'>εἰπεῖν</span> <span class='ocrx_word' id='word_1_81' title='bbox 730 1028 758 1081; x_wconf 81' lang='grc' dir='ltr'>αἱ</span> <span class='ocrx_word' id='word_1_82' title='bbox 777 1030 857 1095; x_wconf 82' lang='grc' dir='ltr'>ἀρχαὶ</span> <span class='ocrx_word' id='word_1_83' title='bbox 875 1027 979 1081; x_wconf 83' lang='grc' dir='ltr'>πᾶςαι’.</span> 
     </span>
    </p>
   </div>
   <div class='ocr_carea' id='block_1_5' title="bbox 127 1151 1187 1396">
    <p class='ocr_par' dir='ltr' id='par_1_5' title="bbox 127 1151 1187 1396">
     <span class='ocr_line' id='line_1_10' title="bbox 200 1151 1145 1221; baseline 0 -17"><span class='ocrx_word' id='word_1_84' title='bbox 200 1151 298 1205; x_wconf 74' lang='grc' dir='ltr'>θνιοιε</span> <span class='ocrx_word' id='word_1_85' title='bbox 318 1152 363 1220; x_wconf 81' lang='lat' dir='ltr'><strong>(cf.</strong></span> <span class='ocrx_word' id='word_1_86' title='bbox 383 1151 435 1206; x_wconf 81' lang='lat' dir='ltr'><strong>lex.</strong></span> <span class='ocrx_word' id='word_1_87' title='bbox 457 1151 482 1205; x_wconf 88' lang='lat' dir='ltr'>S.</span> <span class='ocrx_word' id='word_1_88' title='bbox 502 1152 592 1220; x_wconf 71' lang='lat' dir='ltr'><strong>quint.</strong></span> <span class='ocrx_word' id='word_1_89' title='bbox 612 1171 639 1221; x_wconf 89' lang='lat' dir='ltr'>p.</span> <span class='ocrx_word' id='word_1_90' title='bbox 655 1157 716 1220; x_wconf 76' lang='lat'>259,</span> <span class='ocrx_word' id='word_1_91' title='bbox 731 1156 787 1218; x_wconf 77' lang='lat'>30):</span> <span class='ocrx_word' id='word_1_92' title='bbox 808 1154 1055 1220; x_wconf 85' lang='grc' dir='ltr'>ἐκγαμηθῆναι·</span> <span class='ocrx_word' id='word_1_93' title='bbox 1076 1153 1145 1205; x_wconf 89' lang='grc' dir='ltr'>όταν</span> 
     </span>
     <span class='ocr_line' id='line_1_11' title="bbox 129 1239 1187 1311; baseline -0.001 -17"><span class='ocrx_word' id='word_1_94' title='bbox 129 1239 167 1296; x_wconf 76' lang='grc' dir='ltr'>εἰς</span> <span class='ocrx_word' id='word_1_95' title='bbox 190 1243 286 1308; x_wconf 85' lang='grc' dir='ltr'>ἕτερον</span> <span class='ocrx_word' id='word_1_96' title='bbox 309 1244 391 1306; x_wconf 82' lang='grc' dir='ltr'>γένος</span> <span class='ocrx_word' id='word_1_97' title='bbox 414 1243 515 1311; x_wconf 81' lang='grc' dir='ltr'>ἐκδοθῇ</span> <span class='ocrx_word' id='word_1_98' title='bbox 541 1244 691 1310; x_wconf 85' lang='grc' dir='ltr'>παρθένος,</span> <span class='ocrx_word' id='word_1_99' title='bbox 719 1242 803 1296; x_wconf 81' lang='grc' dir='ltr'>οἱονεὶ</span> <span class='ocrx_word' id='word_1_100' title='bbox 825 1247 884 1296; x_wconf 85' lang='grc' dir='ltr'>τοῖς</span> <span class='ocrx_word' id='word_1_101' title='bbox 908 1243 944 1307; x_wconf 84' lang='grc' dir='ltr'>μὴ</span> <span class='ocrx_word' id='word_1_102' title='bbox 968 1241 1144 1308; x_wconf 88' lang='grc' dir='ltr'>προςήκουςι,</span> <span class='ocrx_word' id='word_1_103' title='bbox 1159 1254 1187 1294; x_wconf 82' lang='grc' dir='ltr'>ιο</span> 
     </span>
     <span class='ocr_line' id='line_1_12' title="bbox 127 1331 539 1396; baseline 0 -12"><span class='ocrx_word' id='word_1_104' title='bbox 127 1335 214 1384; x_wconf 78' lang='grc' dir='ltr'>τοῦτο</span> <span class='ocrx_word' id='word_1_105' title='bbox 232 1331 405 1396; x_wconf 85' lang='grc' dir='ltr'>ἐκγαμεῑςθαι</span> <span class='ocrx_word' id='word_1_106' title='bbox 423 1333 539 1396; x_wconf 89' lang='grc' dir='ltr'>λέγεται.</span> 
     </span>
    </p>
   </div>
   <div class='ocr_carea' id='block_1_6' title="bbox 128 1453 1143 1610">
    <p class='ocr_par' dir='ltr' id='par_1_6' title="bbox 128 1453 1143 1610">
     <span class='ocr_line' id='line_1_13' title="bbox 201 1453 1143 1523; baseline -0.001 -16"><span class='ocrx_word' id='word_1_107' title='bbox 201 1453 311 1507; x_wconf 72' lang='grc' dir='ltr'>Βνιοιοι</span> <span class='ocrx_word' id='word_1_108' title='bbox 338 1456 548 1510; x_wconf 81' lang='grc' dir='ltr'>ἐκδέξαςθαι·</span> <span class='ocrx_word' id='word_1_109' title='bbox 573 1457 625 1509; x_wconf 82' lang='grc' dir='ltr'>οὐκ</span> <span class='ocrx_word' id='word_1_110' title='bbox 644 1456 688 1509; x_wconf 77' lang='grc' dir='ltr'>ἐπὶ</span> <span class='ocrx_word' id='word_1_111' title='bbox 706 1461 757 1509; x_wconf 77' lang='grc' dir='ltr'>τοῦ</span> <span class='ocrx_word' id='word_1_112' title='bbox 777 1456 933 1523; x_wconf 82' lang='grc' dir='ltr'>ἀναμεῖναι,</span> <span class='ocrx_word' id='word_1_113' title='bbox 953 1455 1012 1509; x_wconf 85' lang='grc' dir='ltr'>ἀλλ’</span> <span class='ocrx_word' id='word_1_114' title='bbox 1031 1457 1075 1509; x_wconf 85' lang='grc' dir='ltr'>ἐπὶ</span> <span class='ocrx_word' id='word_1_115' title='bbox 1093 1459 1143 1507; x_wconf 88' lang='grc' dir='ltr'>τοθ</span> 
     </span>
     <span class='ocr_line' id='line_1_14' title="bbox 128 1545 545 1610; baseline 0 -12"><span class='ocrx_word' id='word_1_116' title='bbox 128 1545 308 1598; x_wconf 85' lang='grc' dir='ltr'>ἀναδέξαςθαι</span> <span class='ocrx_word' id='word_1_117' title='bbox 327 1548 372 1597; x_wconf 81' lang='grc' dir='ltr'>καλ</span> <span class='ocrx_word' id='word_1_118' title='bbox 391 1546 545 1610; x_wconf 79' lang='grc' dir='ltr'>ἀναλαβεῖν.</span> 
     </span>
    </p>
   </div>
   <div class='ocr_carea' id='block_1_7' title="bbox 128 1667 1185 1824">
    <p class='ocr_par' dir='ltr' id='par_1_7' title="bbox 128 1667 1185 1824">
     <span class='ocr_line' id='line_1_15' title="bbox 199 1667 1143 1738; baseline 0 -18"><span class='ocrx_word' id='word_1_119' title='bbox 199 1667 264 1721; x_wconf 68' lang='lat' dir='ltr'><strong>Lux.</strong></span> <span class='ocrx_word' id='word_1_120' title='bbox 285 1687 306 1720; x_wconf 77' lang='lat' dir='ltr'><strong>s.</strong></span> <span class='ocrx_word' id='word_1_121' title='bbox 327 1687 421 1728; x_wconf 73' lang='lat' dir='ltr'><strong>va.</strong></span> <span class='ocrx_word' id='word_1_122' title='bbox 441 1687 468 1736; x_wconf 91' lang='lat' dir='ltr'>p.</span> <span class='ocrx_word' id='word_1_123' title='bbox 490 1673 549 1734; x_wconf 88' lang='grc'>188,</span> <span class='ocrx_word' id='word_1_124' title='bbox 570 1675 598 1721; x_wconf 85' lang='lat'>1:</span> <span class='ocrx_word' id='word_1_125' title='bbox 621 1670 689 1722; x_wconf 87' lang='grc' dir='ltr'>ἐκεῖ</span> <span class='ocrx_word' id='word_1_126' title='bbox 709 1670 739 1722; x_wconf 91' lang='grc' dir='ltr'>έν</span> <span class='ocrx_word' id='word_1_127' title='bbox 757 1670 845 1738; x_wconf 84' lang='grc' dir='ltr'>τόπῳ,</span> <span class='ocrx_word' id='word_1_128' title='bbox 866 1670 971 1723; x_wconf 84' lang='grc' dir='ltr'>ἐκεῖςε</span> <span class='ocrx_word' id='word_1_129' title='bbox 991 1668 1029 1722; x_wconf 83' lang='grc' dir='ltr'>εἰς</span> <span class='ocrx_word' id='word_1_130' title='bbox 1047 1669 1143 1721; x_wconf 90' lang='grc' dir='ltr'>τόπον.</span> 
     </span>
     <span class='ocr_line' id='line_1_16' title="bbox 128 1758 1185 1824; baseline -0.002 -14"><span class='ocrx_word' id='word_1_131' title='bbox 128 1760 172 1811; x_wconf 82' lang='grc' dir='ltr'>καί</span> <span class='ocrx_word' id='word_1_132' title='bbox 192 1758 236 1811; x_wconf 70' lang='grc' dir='ltr'>ἐπὶ</span> <span class='ocrx_word' id='word_1_133' title='bbox 254 1758 358 1824; x_wconf 86' lang='grc' dir='ltr'>χρόνου</span> <span class='ocrx_word' id='word_1_134' title='bbox 377 1759 509 1812; x_wconf 88' lang='grc' dir='ltr'>τάςςεται.</span> <span class='ocrx_word' id='word_1_135' title='bbox 853 1775 857 1780; x_wconf 93' lang='grc'><em>·</em></span> <span class='ocrx_word' id='word_1_136' title='bbox 1158 1769 1185 1809; x_wconf 81' lang='lat'>15</span> 
     </span>
    </p>
   </div>
   <div class='ocr_carea' id='block_1_8' title="bbox 200 1880 1142 1952">
    <p class='ocr_par' dir='ltr' id='par_1_8' title="bbox 200 1880 1142 1952">
     <span class='ocr_line' id='line_1_17' title="bbox 200 1880 1142 1952; baseline -0.002 -17"><span class='ocrx_word' id='word_1_137' title='bbox 200 1880 298 1935; x_wconf 67' lang='lat' dir='ltr'>Svnus</span> <span class='ocrx_word' id='word_1_138' title='bbox 327 1881 372 1950; x_wconf 82' lang='lat' dir='ltr'><strong>(cf.</strong></span> <span class='ocrx_word' id='word_1_139' title='bbox 396 1881 449 1936; x_wconf 79' lang='lat' dir='ltr'><strong>lox.</strong></span> <span class='ocrx_word' id='word_1_140' title='bbox 474 1881 500 1936; x_wconf 85' lang='lat' dir='ltr'><strong>S.</strong></span> <span class='ocrx_word' id='word_1_141' title='bbox 524 1884 616 1950; x_wconf 81' lang='lat' dir='ltr'><strong>quart.</strong></span> <span class='ocrx_word' id='word_1_142' title='bbox 640 1901 667 1951; x_wconf 94' lang='lat' dir='ltr'>p.</span> <span class='ocrx_word' id='word_1_143' title='bbox 689 1886 753 1948; x_wconf 84' lang='lat'>188,</span> <span class='ocrx_word' id='word_1_144' title='bbox 777 1883 834 1952; x_wconf 78' lang='lat'>28):</span> <span class='ocrx_word' id='word_1_145' title='bbox 864 1884 1142 1949; x_wconf 84' lang='grc' dir='ltr'>ἐκκλητευθῆναι·</span> 
     </span>
    </p>
   </div>
   <div class='ocr_carea' id='block_1_9' title="bbox 11 1947 1143 2129">
    <p class='ocr_par' dir='ltr' id='par_1_9' title="bbox 11 1947 1143 2129">
     <span class='ocr_line' id='line_1_18' title="bbox 11 1947 1143 2040; baseline -0.003 -16"><span class='ocrx_word' id='word_1_146' title='bbox 11 1947 19 1974; x_wconf 50' lang='lat'>⁸</span> <span class='ocrx_word' id='word_1_147' title='bbox 128 1976 186 2024; x_wconf 84' lang='grc' dir='ltr'>τῶν</span> <span class='ocrx_word' id='word_1_148' title='bbox 210 1972 452 2035; x_wconf 83' lang='grc' dir='ltr'>ἐγκαταλιπόντων</span> <span class='ocrx_word' id='word_1_149' title='bbox 476 1973 629 2039; x_wconf 75' lang='grc' dir='ltr'>μαρτυρίαν</span> <span class='ocrx_word' id='word_1_150' title='bbox 651 1974 687 2026; x_wconf 83' lang='grc' dir='ltr'>τὰ</span> <span class='ocrx_word' id='word_1_151' title='bbox 710 1973 835 2037; x_wconf 84' lang='grc' dir='ltr'>ὀνόματα</span> <span class='ocrx_word' id='word_1_152' title='bbox 859 1973 889 2024; x_wconf 91' lang='grc' dir='ltr'>ἐν</span> <span class='ocrx_word' id='word_1_153' title='bbox 911 1977 953 2040; x_wconf 82' lang='grc' dir='ltr'>τῷ</span> <span class='ocrx_word' id='word_1_154' title='bbox 979 1969 1143 2037; x_wconf 76' lang='grc' dir='ltr'>δικαςτηρίιμ</span> 
     </span>
     <span class='ocr_line' id='line_1_19' title="bbox 129 2060 1029 2129; baseline -0.001 -16"><span class='ocrx_word' id='word_1_155' title='bbox 129 2062 299 2127; x_wconf 87' lang='grc' dir='ltr'>κηρύςςεται·</span> <span class='ocrx_word' id='word_1_156' title='bbox 320 2062 389 2128; x_wconf 87' lang='grc' dir='ltr'>ὅπερ</span> <span class='ocrx_word' id='word_1_157' title='bbox 408 2063 504 2125; x_wconf 87' lang='grc' dir='ltr'>ἔλεγον</span> <span class='ocrx_word' id='word_1_158' title='bbox 524 2062 740 2128; x_wconf 86' lang='grc' dir='ltr'>ἐκκλητευθῆναι</span> <span class='ocrx_word' id='word_1_159' title='bbox 759 2063 815 2129; x_wconf 80' lang='grc' dir='ltr'>[καὶ</span> <span class='ocrx_word' id='word_1_160' title='bbox 834 2060 1029 2127; x_wconf 86' lang='grc' dir='ltr'>ἐκκλητεύειν].</span> 
     </span>
    </p>
   </div>
   <div class='ocr_carea' id='block_1_10' title="bbox 124 2182 1185 2784">
    <p class='ocr_par' dir='ltr' id='par_1_10' title="bbox 124 2182 1185 2784">
     <span class='ocr_line' id='line_1_20' title="bbox 200 2182 1143 2254; baseline 0 -19"><span class='ocrx_word' id='word_1_161' title='bbox 200 2182 297 2236; x_wconf 77' lang='lat' dir='ltr'>Svms</span> <span class='ocrx_word' id='word_1_162' title='bbox 318 2183 363 2253; x_wconf 85' lang='lat' dir='ltr'><strong>(cf.</strong></span> <span class='ocrx_word' id='word_1_163' title='bbox 382 2183 435 2237; x_wconf 85' lang='lat' dir='ltr'><strong>lex.</strong></span> <span class='ocrx_word' id='word_1_164' title='bbox 456 2183 482 2238; x_wconf 88' lang='lat' dir='ltr'>S.</span> <span class='ocrx_word' id='word_1_165' title='bbox 501 2185 591 2253; x_wconf 76' lang='lat' dir='ltr'><strong>quint.</strong></span> <span class='ocrx_word' id='word_1_166' title='bbox 610 2204 638 2254; x_wconf 91' lang='lat' dir='ltr'>p.</span> <span class='ocrx_word' id='word_1_167' title='bbox 657 2190 717 2252; x_wconf 79' lang='lat'><strong>259,</strong></span> <span class='ocrx_word' id='word_1_168' title='bbox 733 2186 789 2253; x_wconf 79' lang='lat'>21):</span> <span class='ocrx_word' id='word_1_169' title='bbox 810 2187 959 2250; x_wconf 89' lang='grc' dir='ltr'>ἐκλειψις</span> <span class='ocrx_word' id='word_1_170' title='bbox 978 2186 1023 2236; x_wconf 82' lang='grc' dir='ltr'>καλ</span> <span class='ocrx_word' id='word_1_171' title='bbox 1042 2183 1143 2236; x_wconf 84' lang='grc' dir='ltr'>έξέλι-</span> 
     </span>
     <span class='ocr_line' id='line_1_21' title="bbox 124 2273 1185 2341; baseline -0.007 -11"><span class='ocrx_word' id='word_1_172' title='bbox 124 2289 200 2330; x_wconf 88' lang='grc' dir='ltr'>Ιπεν·</span> <span class='ocrx_word' id='word_1_173' title='bbox 227 2274 360 2341; x_wconf 88' lang='grc' dir='ltr'>ἑκάτερον</span> <span class='ocrx_word' id='word_1_174' title='bbox 379 2276 474 2328; x_wconf 79' lang='grc' dir='ltr'>αὐτῶν</span> <span class='ocrx_word' id='word_1_175' title='bbox 492 2277 621 2329; x_wconf 89' lang='grc' dir='ltr'>τέτακται</span> <span class='ocrx_word' id='word_1_176' title='bbox 640 2277 684 2329; x_wconf 80' lang='grc' dir='ltr'>ἐπὶ</span> <span class='ocrx_word' id='word_1_177' title='bbox 702 2279 761 2328; x_wconf 80' lang='grc' dir='ltr'>τῶν</span> <span class='ocrx_word' id='word_1_178' title='bbox 780 2273 974 2341; x_wconf 82' lang='grc' dir='ltr'>διαψηφίςεων</span> <span class='ocrx_word' id='word_1_179' title='bbox 992 2277 1051 2326; x_wconf 85' lang='grc' dir='ltr'>τῶν</span> <span class='ocrx_word' id='word_1_180' title='bbox 1069 2287 1143 2335; x_wconf 92' lang='grc' dir='ltr'>γινο-</span> <span class='ocrx_word' id='word_1_181' title='bbox 1158 2285 1185 2324; x_wconf 79' lang='grc' dir='ltr'>ιο</span> 
     </span>
     <span class='ocr_line' id='line_1_22' title="bbox 128 2347 1143 2430; baseline -0.004 -14"><span class='ocrx_word' id='word_1_182' title='bbox 128 2363 221 2428; x_wconf 80' lang='grc' dir='ltr'>μένων</span> <span class='ocrx_word' id='word_1_183' title='bbox 240 2363 271 2415; x_wconf 92' lang='grc' dir='ltr'>ἐν</span> <span class='ocrx_word' id='word_1_184' title='bbox 293 2368 351 2416; x_wconf 81' lang='grc' dir='ltr'>τοῖς</span> <span class='ocrx_word' id='word_1_185' title='bbox 375 2347 473 2427; x_wconf 83' lang='grc' dir='ltr'>δήμοις</span> <span class='ocrx_word' id='word_1_186' title='bbox 495 2366 558 2430; x_wconf 73' lang='grc' dir='ltr'>περὶ</span> <span class='ocrx_word' id='word_1_187' title='bbox 582 2369 640 2417; x_wconf 81' lang='grc' dir='ltr'>τῶν</span> <span class='ocrx_word' id='word_1_188' title='bbox 665 2365 821 2429; x_wconf 89' lang='grc' dir='ltr'>γινομένων</span> <span class='ocrx_word' id='word_1_189' title='bbox 847 2362 886 2416; x_wconf 83' lang='grc' dir='ltr'>εἰς</span> <span class='ocrx_word' id='word_1_190' title='bbox 910 2363 943 2415; x_wconf 91' lang='grc' dir='ltr'>τὸ</span> <span class='ocrx_word' id='word_1_191' title='bbox 970 2361 1143 2428; x_wconf 83' lang='grc' dir='ltr'>ληξιαρχικὸν</span> 
     </span>
     <span class='ocr_line' id='line_1_23' title="bbox 127 2451 1143 2518; baseline -0.004 -14"><span class='ocrx_word' id='word_1_192' title='bbox 127 2457 322 2517; x_wconf 80' lang='grc' dir='ltr'>γραμματεῖον.</span> <span class='ocrx_word' id='word_1_193' title='bbox 356 2452 413 2504; x_wconf 91' lang='grc' dir='ltr'>ὅςοι</span> <span class='ocrx_word' id='word_1_194' title='bbox 433 2453 483 2518; x_wconf 87' lang='grc' dir='ltr'>μὲν</span> <span class='ocrx_word' id='word_1_195' title='bbox 502 2453 700 2517; x_wconf 89' lang='grc' dir='ltr'>ἐγκαλούμενοι</span> <span class='ocrx_word' id='word_1_196' title='bbox 718 2453 761 2505; x_wconf 86' lang='grc' dir='ltr'>ὅτι</span> <span class='ocrx_word' id='word_1_197' title='bbox 779 2451 816 2517; x_wconf 89' lang='grc' dir='ltr'>μή</span> <span class='ocrx_word' id='word_1_198' title='bbox 832 2451 897 2504; x_wconf 87' lang='grc' dir='ltr'>εἰςιν</span> <span class='ocrx_word' id='word_1_199' title='bbox 912 2452 988 2504; x_wconf 81' lang='grc' dir='ltr'>ἀςτολ</span> <span class='ocrx_word' id='word_1_200' title='bbox 1002 2452 1143 2503; x_wconf 84' lang='grc' dir='ltr'>ἀπαντῶςι</span> 
     </span>
     <span class='ocr_line' id='line_1_24' title="bbox 127 2539 1143 2608; baseline -0.004 -15"><span class='ocrx_word' id='word_1_201' title='bbox 127 2541 197 2607; x_wconf 90' lang='grc' dir='ltr'>πρὸς</span> <span class='ocrx_word' id='word_1_202' title='bbox 218 2541 254 2594; x_wconf 87' lang='grc' dir='ltr'>τὰ</span> <span class='ocrx_word' id='word_1_203' title='bbox 278 2539 449 2608; x_wconf 88' lang='grc' dir='ltr'>ἐγκλήματα,</span> <span class='ocrx_word' id='word_1_204' title='bbox 472 2543 535 2607; x_wconf 82' lang='grc' dir='ltr'>περὶ</span> <span class='ocrx_word' id='word_1_205' title='bbox 557 2543 668 2595; x_wconf 80' lang='grc' dir='ltr'>τούτων</span> <span class='ocrx_word' id='word_1_206' title='bbox 692 2542 717 2594; x_wconf 84' lang='grc' dir='ltr'>οἱ</span> <span class='ocrx_word' id='word_1_207' title='bbox 741 2541 860 2607; x_wconf 83' lang='grc' dir='ltr'>δημόται</span> <span class='ocrx_word' id='word_1_208' title='bbox 878 2544 979 2607; x_wconf 83' lang='grc' dir='ltr'>ψῆφον</span> <span class='ocrx_word' id='word_1_209' title='bbox 998 2539 1143 2606; x_wconf 88' lang='grc' dir='ltr'>φέρουςιν·</span> 
     </span>
     <span class='ocr_line' id='line_1_25' title="bbox 128 2629 1143 2697; baseline -0.004 -15"><span class='ocrx_word' id='word_1_210' title='bbox 128 2630 200 2682; x_wconf 88' lang='grc' dir='ltr'>όςτις</span> <span class='ocrx_word' id='word_1_211' title='bbox 223 2630 253 2682; x_wconf 91' lang='grc' dir='ltr'>δέ</span> <span class='ocrx_word' id='word_1_212' title='bbox 278 2630 314 2694; x_wconf 84' lang='grc' dir='ltr'>μὴ</span> <span class='ocrx_word' id='word_1_213' title='bbox 339 2631 508 2696; x_wconf 82' lang='grc' dir='ltr'>παρεγένετο</span> <span class='ocrx_word' id='word_1_214' title='bbox 532 2632 742 2697; x_wconf 88' lang='grc' dir='ltr'>κριθηςόμενος,</span> <span class='ocrx_word' id='word_1_215' title='bbox 768 2631 890 2684; x_wconf 81' lang='grc' dir='ltr'>ἐξέλιπεν</span> <span class='ocrx_word' id='word_1_216' title='bbox 909 2629 991 2681; x_wconf 84' lang='grc' dir='ltr'>οὗτος</span> <span class='ocrx_word' id='word_1_217' title='bbox 1009 2630 1062 2693; x_wconf 85' lang='grc' dir='ltr'>τὴν</span> <span class='ocrx_word' id='word_1_218' title='bbox 1080 2629 1143 2692; x_wconf 83' lang='grc' dir='ltr'>περὶ</span> 
     </span>
     <span class='ocr_line' id='line_1_26' title="bbox 127 2717 1183 2784; baseline -0.001 -15"><span class='ocrx_word' id='word_1_219' title='bbox 127 2717 215 2770; x_wconf 81' lang='grc' dir='ltr'>αὐτοῦ</span> <span class='ocrx_word' id='word_1_220' title='bbox 235 2718 388 2782; x_wconf 89' lang='grc' dir='ltr'>διάγνωςιν.</span> <span class='ocrx_word' id='word_1_221' title='bbox 427 2721 472 2771; x_wconf 82' lang='grc' dir='ltr'>καλ</span> <span class='ocrx_word' id='word_1_222' title='bbox 489 2723 574 2772; x_wconf 79' lang='grc' dir='ltr'>τοῦτο</span> <span class='ocrx_word' id='word_1_223' title='bbox 594 2721 713 2784; x_wconf 88' lang='grc' dir='ltr'>ἔκλειψις</span> <span class='ocrx_word' id='word_1_224' title='bbox 732 2721 861 2771; x_wconf 86' lang='grc' dir='ltr'>καλεῖται.</span> <span class='ocrx_word' id='word_1_225' title='bbox 1158 2729 1183 2769; x_wconf 79' lang='grc' dir='ltr'>νο</span> 
     </span>
    </p>
   </div>
   <div class='ocr_carea' id='block_1_11' title="bbox 127 2839 1143 2997">
    <p class='ocr_par' dir='ltr' id='par_1_11' title="bbox 127 2839 1143 2997">
     <span class='ocr_line' id='line_1_27' title="bbox 199 2839 1143 2910; baseline 0.001 -18"><span class='ocrx_word' id='word_1_226' title='bbox 199 2839 309 2894; x_wconf 73' lang='grc' dir='ltr'>ὃποιιε</span> <span class='ocrx_word' id='word_1_227' title='bbox 335 2843 497 2907; x_wconf 82' lang='grc' dir='ltr'>ἐκλογεῑς·</span> <span class='ocrx_word' id='word_1_228' title='bbox 519 2886 569 2897; x_wconf 94' lang='grc'>...</span> <span class='ocrx_word' id='word_1_229' title='bbox 589 2843 616 2897; x_wconf 87' lang='grc' dir='ltr'>οἱ</span> <span class='ocrx_word' id='word_1_230' title='bbox 638 2845 706 2897; x_wconf 82' lang='grc' dir='ltr'>τοὺς</span> <span class='ocrx_word' id='word_1_231' title='bbox 729 2844 837 2910; x_wconf 89' lang='grc' dir='ltr'>φόρους</span> <span class='ocrx_word' id='word_1_232' title='bbox 857 2843 912 2896; x_wconf 91' lang='grc' dir='ltr'>ἀπό</span> <span class='ocrx_word' id='word_1_233' title='bbox 931 2846 990 2895; x_wconf 82' lang='grc' dir='ltr'>τῶν</span> <span class='ocrx_word' id='word_1_234' title='bbox 1008 2842 1143 2908; x_wconf 87' lang='grc' dir='ltr'>ὑπηκόων</span> 
     </span>
     <span class='ocr_line' id='line_1_28' title="bbox 127 2931 699 2997; baseline 0.003 -14"><span class='ocrx_word' id='word_1_235' title='bbox 127 2931 303 2997; x_wconf 83' lang='grc' dir='ltr'>ἀθροίζοντες</span> <span class='ocrx_word' id='word_1_236' title='bbox 321 2932 432 2986; x_wconf 89' lang='grc' dir='ltr'>πόλεων</span> <span class='ocrx_word' id='word_1_237' title='bbox 451 2934 542 2986; x_wconf 87' lang='grc' dir='ltr'>οὕτως</span> <span class='ocrx_word' id='word_1_238' title='bbox 562 2934 699 2997; x_wconf 81' lang='grc' dir='ltr'>ἐλέγοντο.</span> 
     </span>
    </p>
   </div>
   <div class='ocr_carea' id='block_1_12' title="bbox 125 3054 1183 3296">
    <p class='ocr_par' dir='ltr' id='par_1_12' title="bbox 125 3054 1183 3296">
     <span class='ocr_line' id='line_1_29' title="bbox 198 3054 1143 3126; baseline -0.002 -18"><span class='ocrx_word' id='word_1_239' title='bbox 198 3054 296 3108; x_wconf 73' lang='grc' dir='ltr'>δνιιιιο</span> <span class='ocrx_word' id='word_1_240' title='bbox 316 3054 361 3124; x_wconf 80' lang='lat' dir='ltr'><strong>(of.</strong></span> <span class='ocrx_word' id='word_1_241' title='bbox 380 3056 433 3110; x_wconf 80' lang='lat' dir='ltr'><strong>lex.</strong></span> <span class='ocrx_word' id='word_1_242' title='bbox 454 3056 479 3110; x_wconf 84' lang='lat' dir='ltr'><strong>S.</strong></span> <span class='ocrx_word' id='word_1_243' title='bbox 500 3058 591 3125; x_wconf 71' lang='lat' dir='ltr'><strong>quart.</strong></span> <span class='ocrx_word' id='word_1_244' title='bbox 610 3076 638 3126; x_wconf 91' lang='lat' dir='ltr'><strong>p.</strong></span> <span class='ocrx_word' id='word_1_245' title='bbox 660 3061 719 3123; x_wconf 88' lang='lat'>188,</span> <span class='ocrx_word' id='word_1_246' title='bbox 739 3060 795 3126; x_wconf 76' lang='lat'>24):</span> <span class='ocrx_word' id='word_1_247' title='bbox 825 3058 1049 3123; x_wconf 83' lang='grc' dir='ltr'>έκμαρτυρεῖν</span> <span class='ocrx_word' id='word_1_248' title='bbox 1077 3070 1143 3122; x_wconf 90' lang='grc' dir='ltr'>φαςι</span> 
     </span>
     <span class='ocr_line' id='line_1_30' title="bbox 125 3144 1142 3213; baseline 0 -18"><span class='ocrx_word' id='word_1_249' title='bbox 125 3144 159 3196; x_wconf 87' lang='grc' dir='ltr'>τὸ</span> <span class='ocrx_word' id='word_1_250' title='bbox 183 3146 285 3212; x_wconf 90' lang='grc' dir='ltr'>λέγειν,</span> <span class='ocrx_word' id='word_1_251' title='bbox 309 3146 362 3212; x_wconf 82' lang='grc' dir='ltr'>οὐχ</span> <span class='ocrx_word' id='word_1_252' title='bbox 385 3147 455 3213; x_wconf 80' lang='grc' dir='ltr'>ἅπερ</span> <span class='ocrx_word' id='word_1_253' title='bbox 474 3148 559 3200; x_wconf 85' lang='grc' dir='ltr'>αὐτὸς</span> <span class='ocrx_word' id='word_1_254' title='bbox 579 3149 667 3213; x_wconf 79' lang='grc' dir='ltr'>οἶδεν,</span> <span class='ocrx_word' id='word_1_255' title='bbox 692 3147 751 3201; x_wconf 77' lang='grc' dir='ltr'>ἀλλ’</span> <span class='ocrx_word' id='word_1_256' title='bbox 769 3147 839 3213; x_wconf 80' lang='grc' dir='ltr'>ἅπερ</span> <span class='ocrx_word' id='word_1_257' title='bbox 859 3146 963 3212; x_wconf 86' lang='grc' dir='ltr'>ἑτέρων</span> <span class='ocrx_word' id='word_1_258' title='bbox 983 3146 1083 3209; x_wconf 86' lang='grc' dir='ltr'>ἤκουςε</span> <span class='ocrx_word' id='word_1_259' title='bbox 1101 3146 1142 3196; x_wconf 92' lang='grc' dir='ltr'>λε-</span> 
     </span>
     <span class='ocr_line' id='line_1_31' title="bbox 125 3234 1183 3296; baseline -0.002 -11"><span class='ocrx_word' id='word_1_260' title='bbox 125 3234 244 3296; x_wconf 86' lang='grc' dir='ltr'>γόντων.</span> <span class='ocrx_word' id='word_1_261' title='bbox 1157 3245 1183 3284; x_wconf 80' lang='grc' dir='ltr'>οο</span> 
     </span>
    </p>
   </div>
   <div class='ocr_carea' id='block_1_13' title="bbox 126 3373 1143 3518">
    <p class='ocr_par' dir='ltr' id='par_1_13' title="bbox 126 3373 1143 3518">
     <span class='ocr_line' id='line_1_32' title="bbox 198 3373 1143 3446; baseline -0.004 -18"><span class='ocrx_word' id='word_1_262' title='bbox 198 3381 214 3428; x_wconf 87' lang='grc'>4</span> <span class='ocrx_word' id='word_1_263' title='bbox 228 3374 360 3440; x_wconf 80' lang='grc' dir='ltr'>προΐασιν</span> <span class='ocrx_word' id='word_1_264' title='bbox 374 3376 493 3432; x_wconf 80' lang='lat' dir='ltr'><strong>Bekker.</strong></span> <span class='ocrx_word' id='word_1_265' title='bbox 568 3383 582 3430; x_wconf 75' lang='lat'>7</span> <span class='ocrx_word' id='word_1_266' title='bbox 599 3377 681 3446; x_wconf 79' lang='grc' dir='ltr'>ἱερῶν</span> <span class='ocrx_word' id='word_1_267' title='bbox 696 3376 788 3446; x_wconf 86' lang='lat' dir='ltr'><strong>suppl.</strong></span> <span class='ocrx_word' id='word_1_268' title='bbox 803 3373 974 3442; x_wconf 82' lang='lat' dir='ltr'><strong>Bernhardy.</strong></span> <span class='ocrx_word' id='word_1_269' title='bbox 1047 3379 1079 3426; x_wconf 87' lang='lat'>18</span> <span class='ocrx_word' id='word_1_270' title='bbox 1095 3373 1143 3425; x_wconf 78' lang='grc' dir='ltr'>καὶ</span> 
     </span>
     <span class='ocr_line' id='line_1_33' title="bbox 126 3443 1143 3518; baseline -0.003 -20"><span class='ocrx_word' id='word_1_271' title='bbox 126 3446 299 3514; x_wconf 77' lang='grc' dir='ltr'>ἐκκλητεόειν</span> <span class='ocrx_word' id='word_1_272' title='bbox 324 3447 377 3502; x_wconf 83' lang='lat' dir='ltr'><strong>del.</strong></span> <span class='ocrx_word' id='word_1_273' title='bbox 396 3449 515 3503; x_wconf 68' lang='grc' dir='ltr'>Βόλλας.</span> <span class='ocrx_word' id='word_1_274' title='bbox 607 3456 639 3503; x_wconf 80' lang='grc'>21</span> <span class='ocrx_word' id='word_1_275' title='bbox 660 3447 826 3518; x_wconf 76' lang='grc' dir='ltr'>γινομένων]</span> <span class='ocrx_word' id='word_1_276' title='bbox 850 3444 1035 3516; x_wconf 75' lang='grc' dir='ltr'>γραφομένων</span> <span class='ocrx_word' id='word_1_277' title='bbox 1058 3443 1143 3496; x_wconf 82' lang='lat' dir='ltr'>Hem-</span> 
     </span>
    </p>
   </div>
   <div class='ocr_carea' id='block_1_14' title="bbox 125 3515 1142 3642">
    <p class='ocr_par' dir='ltr' id='par_1_14' title="bbox 125 3515 1142 3642">
     <span class='ocr_line' id='line_1_34' title="bbox 125 3515 1142 3640; baseline -0.003 -70"><span class='ocrx_word' id='word_1_278' title='bbox 125 3516 257 3640; x_wconf 48' lang='lat' dir='ltr'>geppuis,</span> <span class='ocrx_word' id='word_1_279' title='bbox 276 3519 503 3588; x_wconf 76' lang='grc' dir='ltr'>ἐγγεγραμμένων</span> <span class='ocrx_word' id='word_1_280' title='bbox 522 3519 634 3574; x_wconf 80' lang='lat' dir='ltr'><strong>Bekker</strong></span> <span class='ocrx_word' id='word_1_281' title='bbox 648 3537 682 3574; x_wconf 86' lang='lat' dir='ltr'>ex</span> <span class='ocrx_word' id='word_1_282' title='bbox 700 3520 753 3573; x_wconf 85' lang='lat' dir='ltr'><strong>lex.</strong></span> <span class='ocrx_word' id='word_1_283' title='bbox 774 3519 800 3572; x_wconf 82' lang='lat' dir='ltr'><strong>S.</strong></span> <span class='ocrx_word' id='word_1_284' title='bbox 820 3519 910 3586; x_wconf 77' lang='lat' dir='ltr'><strong>quint.</strong></span> <span class='ocrx_word' id='word_1_285' title='bbox 1002 3520 1035 3568; x_wconf 75' lang='lat'>25</span> <span class='ocrx_word' id='word_1_286' title='bbox 1055 3515 1142 3568; x_wconf 78' lang='grc' dir='ltr'>αὑτοῦ</span> 
     </span>
     <span class='ocr_line' id='line_1_35' title="bbox 150 3603 244 3642; baseline 0.011 -2"><span class='ocrx_word' id='word_1_287' title='bbox 150 3603 165 3640; x_wconf 85' lang='grc' dir='ltr'>α</span> <span class='ocrx_word' id='word_1_288' title='bbox 207 3605 244 3642; x_wconf 81' lang='lat' dir='ltr'><strong>er.</strong></span> 
     </span>
    </p>
   </div>
   <div class='ocr_carea' id='block_1_15' title="bbox 0 0 1336 3906">
    <p class='ocr_par' dir='ltr' id='par_1_15' title="bbox 0 0 1336 3906">
     <span class='ocr_line' id='line_1_36' title="bbox 0 0 1336 3906; baseline 0 0"><span class='ocrx_word' id='word_1_289' title='bbox 0 0 1336 3906; x_wconf 95' lang='lat' dir='ltr'> </span> 
     </span>
    </p>
   </div>
  </div>
 </body>
</html>
