2666 3910
175 193 194 256 8
481 195 530 245 111.
550 196 676 245 Taxun
693 195 879 245 PHTOPIKH

174 353 254 424 (rhet.
269 361 280 406 l
294 359 310 405 3
324 370 351 420 p.
368 353 452 407 1353»
467 355 528 421 ess)
542 351 572 405 in
587 369 668 405 usum
681 355 800 406 uocatur
814 352 958 421 ‚uidelicet
973 352 1095 408 Caecilio
1109 371 1191 422 prae·

174 444 266 495 eunte‘
286 442 464 510 (Asianum
483 441 500 494 l.
521 459 544 495 ο.
563 459 590 509 p.
612 444 663 509 38).
1320 441 1329 475 ²

223 629 263 696 *9
281 637 404 692 Emona
416 638 576 691 Auamma
586 646 620 692 111
629 656 655 706 p.
667 643 691 706 4,
704 644 718 692 1
729 638 789 707 Sp:
805 641 872 692 ἔνιοι
888 641 918 693 δὲ
932 642 1024 694 οὕτω(
1038 641 1189 708 ὁρίζονται·

174 730 286 782 ἔποινο(
305 730 355 794 μέν
374 730 429 782 bem
447 729 530 792 λόγος
548 728 710 794 ἐμφανίζων
730 730 845 794 μέγεθος
864 730 977 796 ἀρετῆς,
1004 730 1141 796 ἐγκώμιον
1160 733 1191 784 δὲ

174 818 256 881 λόγος
275 817 437 883 ἐμφανίζων
455 818 566 884 πράξειε
584 818 676 870 καλάς.

245 940 319 994 hunc
333 940 426 995 locum
440 956 474 994 ex
488 939 640 995 An'stolele
655 940 735 1009 (rhet.
750 949 761 994 1
776 947 791 993 9
806 959 833 1010 p.
850 941 934 995 13671’
949 948 982 997 26
991 945 1029 1010 ss)
1048 945 1191 1012 sumptum

174 1029 211 1081 ad
230 1028 383 1083 Caecilium
401 1028 513 1084 reduxit
530 1030 698 1082 Amasenus
716 1028 734 1083 l.
755 1046 777 1083 c.
797 1047 823 1098 p.
844 1035 886 1083 40.

223 1216 289 1283 *10
309 1225 431 1289 vam.
445 1231 480 1278 ΙΙΙ
496 1230 520 1290 7,
535 1229 563 1277 6:
582 1223 629 1278 sed
642 1225 790 1293 proprium
809 1227 902 1280 laudis
915 1233 954 1280 est
967 1244 1009 1282 res
1022 1229 1192 1296 amplificare

147 1332 159 1371 s
174 1322 199 1370 et
217 1331 323 1369 cruore.
353 1330 422 1381 quae
439 1315 555 1367 materia
569 1316 719 1382 praecipue
732 1315 841 1384 quidam
854 1315 885 1368 iu
899 1316 962 1370 eleos
975 1323 1000 1370 et
1012 1317 1133 1371 homiues
1146 1333 1190 1372 ca·

174 1404 224 1470 olit,
243 1409 282 1458 est
299 1409 391 1457 tamem
404 1409 430 1456 et
443 1403 561 1456 aliorum
575 1403 749 1470 amimalium,
766 1405 849 1458 etiam
862 1407 1015 1459 carentium
1029 1408 1129 1460 auimo.
1149 1449 1189 1460 ...

246 1496 291 1545 10:
312 1497 376 1545 aute
393 1492 527 1545 homiuem
540 1493 638 1560 patria
652 1509 685 1546 ac
695 1498 825 1559 pareutes
837 1495 1005 1561 maioresque
1019 1502 1108 1561 enuit,
1126 1512 1192 1563 puo-

173 1599 235 1637 rum
250 1582 353 1649 dupleu
367 1585 501 1635 tractatus
515 1587 566 1634 est:
579 1587 629 1635 aut
640 1582 712 1635 euim
721 1583 891 1649 respoudrsse
899 1583 1041 1638 mobilitati
1044 1585 1191 1653 pulchrum

174 1672 233 1737 erit,
252 1676 303 1724 aut
320 1670 452 1724 humilius
469 1686 554 1739 peuus
573 1671 735 1724 inlustrasse
751 1670 842 1736 factis.
864 1713 914 1724 ...

135 1776 160 1815 1o
247 1765 292 1812 12:
321 1776 388 1813 uam
413 1764 438 1813 et
455 1759 690 1827 pulchritudinum
713 1761 824 1814 iuterim
846 1762 981 1828 roburque
1000 1763 1192 1830 prosequimur

173 1849 273 1903 bouore
291 1850 448 1914 uerborum,
471 1854 503 1902 ut
521 1849 658 1902 Homerus
676 1851 707 1903 iu
726 1850 928 1918 Apamemuaue
947 1852 977 1918 (Β
992 1854 1044 1904 477
1055 1853 1092 1919 ss)
1111 1858 1192 1918 atque

174 1939 280 1993 Achille
295 1939 324 2006 (C
338 1942 390 1990 203
401 1939 447 2005 ss),
467 1938 577 1991 iuterim
595 1939 701 2002 comfort
718 1939 901 1992 admiratiom'
917 1939 1034 1993 multum
1051 1941 1134 1994 etiam
1148 1942 1191 1994 iu-

173 2029 300 2094 firmitas,
313 2033 345 2080 ut
358 2041 419 2080 cum
433 2025 504 2079 idem
522 2026 614 2096 Tpelea
624 2043 757 2093 paruum,
775 2027 822 2080 sed
836 2029 989 2082 bellatorem
1003 2029 1071 2083 elicit
1085 2029 1114 2096 (Ε
1128 2030 1191 2096 801)

173 2117 266 2184 fuisse.
288 2157 315 2168 ..
333 2158 338 2168 .

135 2222 160 2261 15
248 2210 293 2259 16:
313 2206 378 2259 dum
396 2203 515 2258 sciamus
532 2205 658 2274 pratiora
676 2220 729 2258 esse
748 2204 932 2272 auelieutrbus,
951 2223 1020 2273 quae
1038 2206 1112 2260 solus
1130 2207 1192 2274 quis

175 2301 225 2348 out
240 2296 349 2363 primus
362 2300 414 2347 aut
426 2299 494 2347 certe
508 2309 569 2346 cum
579 2294 679 2361 paucis
692 2293 786 2359 fecisse
800 2294 913 2361 dicetur,
931 2296 958 2348 si
970 2295 1038 2361 quill
1051 2299 1192 2362 praeterea

173 2401 260 2452 supra
274 2400 348 2451 spem
361 2389 413 2437 aut
425 2382 645 2449 εοροοοοοοοο,
655 2384 804 2450 praecipue
819 2383 891 2451 quael
904 2384 998 2438 alicua
1003 2384 1098 2452 potius
1106 2401 1192 2438 causa

174 2490 257 2542 quum
275 2489 335 2541 Μ·
357 2512 407 2524 ···
464 2488 467 2494 “

248 2565 293 2614 18:
312 2578 378 2614 uam
397 2560 510 2628 puidam
527 2560 599 2612 sicut
613 2559 770 2613 Meuaucler
786 2561 903 2614 iustiora
914 2563 1096 2628 posteriorum
1109 2579 1191 2629 quam

136 2668 161 2707 20
174 2667 241 2706 suae
259 2651 358 2704 aetatis
375 2648 482 2703 iudicio
500 2654 566 2702 suut
583 2650 725 2702 cousecuti.
746 2689 774 2702 ..
791 2689 797 2701 .

249 2744 294 2793 19:
314 2739 363 2806 qui
381 2739 469 2791 ommis
487 2739 569 2790 etiam
583 2738 614 2789 iu
628 2738 831 2805 uituperatione
844 2739 910 2793 ordo
924 2740 1067 2805 caustabit,
1084 2745 1192 2793 tautum

175 2830 207 2882 'm
225 2829 373 2883 diuersum.
405 2867 455 2880 ...
475 2832 501 2880 et
518 2827 639 2894 corporis
657 2843 690 2880 oc
707 2826 836 2892 fortuuae
855 2819 1018 2894 quibusdam
1036 2829 1112 2882 mala
1128 2844 1191 2882 cou-

175 2924 317 2986 temptum,
335 2918 406 2971 sicut
428 2915 568 2970 Thersitae
585 2921 667 2983 atque
685 2917 746 2981 Iro,
765 2915 929 2983 quibusdam
948 2918 1019 2971 boua
1037 2918 1117 2972 uitiis
1134 2933 1191 2972 eor·

175 3014 259 3076 rupta
274 3007 367 3061 ollium
382 3005 542 3070 attuleruut,
561 3009 593 3058 ut
606 3004 695 3058 Nirea
709 3004 840 3059 imbellem
855 3007 885 3074 (Β
901 3010 951 3057 671
963 3008 1009 3073 ss),
1028 3007 1191 3060 Plisthenem

49 3117 57 3129 ·
137 3112 161 3153 25
176 3097 346 3165 impudicum
365 3112 382 3148 a
400 3094 486 3162 poetis
505 3093 663 3161 accepimus.
684 3134 734 3146 ...

248 3189 294 3237 23:
314 3184 439 3237 iuteresse
457 3187 549 3235 tameu
562 3181 720 3236 Aristoteles
734 3188 819 3248 putat
837 3181 918 3251 (rhet.
934 3188 974 3236 19
993 3201 1020 3252 p.
1037 3184 1121 3237 ltblb
1136 3186 1192 3251 ts),

176 3274 225 3328 ubi
250 3274 367 3342 quidque
393 3271 522 3326 laudetur
546 3277 598 3324 aut
621 3271 799 3339 uituperetur.
836 3288 902 3325 uam
923 3273 1077 3340 pleuimum
1102 3274 1193 3340 refert,

248 3403 282 3450 24
301 3396 335 3450 cf.
354 3395 389 3452 fr.
409 3401 475 3461 cea,
496 3400 609 3448 13-15.

249 3583 282 3630 23
302 3578 387 3644 atquc
403 3574 450 3627 lxo
472 3571 592 3636 Obrecht,
612 3573 642 3624 at
659 3587 726 3625 uero
746 3571 858 3642 Bnt¹‚
878 3574 1037 3644 acquisiere
1056 3575 1102 3629 Αἱ
