2666 3910
522 233 738 288 PROOEMIVM
1064 233 1142 286 XVII

129 403 302 478 sedetiam,
329 406 363 461 ut
390 402 429 460 ad
457 403 583 462 alteram
610 405 727 478 partem
750 405 914 475 transeam,
941 400 1141 480 Longinus,

130 491 304 566 Tiberius,
327 491 551 568 Porphyrius
570 483 611 573 (a.
633 481 832 571 233—304).
879 490 958 560 Quos
983 508 1085 550 omnes
1108 491 1141 549 in

129 581 251 658 singulis
281 581 320 639 ad
345 582 445 656 ipsum
469 579 633 640 Caecilium
660 580 757 639 redire
783 581 859 637 mihi
886 598 1060 655 persuasum
1088 581 1141 640 est.

190 670 235 728 De
260 668 383 729 Caecilii
409 672 552 729 memoria
579 672 687 746 quarto
715 670 832 728 sacculo
860 669 1041 747 prouulgata
1068 688 1141 745 pau·

129 759 191 818 cula
210 758 336 818 dicenda
355 762 434 818 sunt.
471 759 507 817 In
525 760 581 819 hoc
599 762 717 834 tempus
735 776 811 817 unus
833 757 948 832 incidit,
968 761 1029 833 qui,
1048 777 1140 834 quan·

129 852 190 907 tum
212 867 266 908 nos
290 851 407 922 scimus,
430 851 570 909 notitiam
590 847 713 907 Caecilii
731 847 830 922 habet,
853 866 1036 924 quamquam
1052 848 1141 907 huius
1207 845 1209 852 ‘

129 957 231 996 nomen
250 938 330 1013 apud
348 957 415 996 eum
434 958 494 997 non
511 940 672 1012 inuenitur,
690 937 867 996 Libanius
884 928 925 1016 (a.
942 930 1141 1018 314—393).

130 1025 218 1096 Quem
242 1027 280 1086 ad
300 1025 462 1086 Caecilium
485 1029 583 1104 ipsum
607 1029 771 1102 accessisse,
794 1045 855 1085 non
874 1026 910 1084 ab
930 1026 998 1085 aliis
1017 1027 1142 1087 allatam

129 1118 220 1174 nostri
243 1115 408 1176 doctrinam
433 1117 570 1180 exhibere
594 1116 754 1176 admodum
776 1116 940 1175 uerisimile
964 1117 1017 1174 est.

190 1205 322 1266 Posteris
353 1206 537 1281 temporibus
570 1208 651 1264 fama
680 1204 803 1265 Caecilii
835 1204 985 1279 quondam
1015 1204 1141 1264 celeber·

127 1295 194 1354 rimi
224 1296 353 1355 rhetoris
384 1296 473 1355 ualde
505 1297 653 1354 minuitur
684 1299 714 1354 11
745 1295 874 1372 uestigia
905 1292 1142 1354 Caecilianorum

127 1383 269 1444 librorum
292 1385 428 1444 lectionis
451 1403 520 1444 rara
543 1387 620 1444 sunt.
666 1385 732 1443 Iam
752 1382 897 1443 Caecilius
921 1402 956 1442 ex
978 1385 1016 1442 iis
1040 1385 1142 1442 aucto-

126 1473 206 1532 ribus
229 1474 301 1549 fuit,
329 1493 404 1550 quos
427 1476 509 1550 ipsos
531 1475 656 1549 plurimi
677 1493 738 1533 non
760 1473 911 1551 legerunt:
936 1474 997 1531 iam
1020 1492 1081 1532 non
1104 1473 1142 1531 ad

128 1561 289 1622 Caecilium
312 1563 507 1638 deuouerunt,
535 1565 597 1622 iam
623 1565 655 1622 in
679 1563 787 1623 11111111
809 1563 964 1622 rhetorum
987 1581 1046 1620 non
1071 1561 1142 1621 Cae·

126 1653 195 1710 cilio
217 1655 278 1729 ipsi
300 1672 421 1728 operam
441 1653 593 1727 dederunt,
617 1652 668 1711 sed
691 1651 875 1727 compendiis
899 1651 1024 1728 aliisque
1048 1650 1142 1727 libris,

127 1759 252 1818 quorum
275 1742 364 1800 lectio
383 1742 501 1802 facilior
521 1744 595 1816 erat,
617 1743 666 1801 usi
688 1743 765 1801 sunt.
812 1741 899 1800 Talia
922 1741 1042 1817 scripta,
1067 1759 1143 1817 quae

126 1830 284 1889 admodum
313 1833 345 1890 111
377 1851 459 1891 more
491 1833 625 1905 fuerunt,
657 1831 754 1890 multa
782 1849 817 1889 ex
845 1828 975 1888 Caecilio
1004 1833 1142 1905 excerpta

125 1919 193 1995 plus
221 1923 274 1978 aut
300 1920 399 1979 minus
427 1925 568 1997 corrupta
595 1923 625 1979 et
652 1921 720 1979 aliis
745 1922 833 1980 aucta
855 1921 1008 1978 continere
1035 1938 1089 1994 per
1111 1939 1142 1979 sc

126 2011 224 2085 ipsum
248 2009 441 2088 intellegitur.
484 2011 529 2069 llx
552 2011 651 2086 quinti
674 2010 785 2068 saeculi
806 2008 1000 2084 scriptoribus
1021 2008 1141 2085 Syria·

125 2117 191 2158 nus
210 2101 240 2157 11
257 2098 422 2160 Hermian
445 2099 651 2158 memorabiles
671 2102 747 2178 sunt.
781 2097 863 2166 Quae
881 2101 1006 2174 uterque
1025 2097 1143 2157 exhibet

126 2185 305 2262 Caeciliana,
324 2207 383 2248 non
401 2190 560 2248 lectionem
578 2189 672 2264 ipsius
688 2187 810 2248 Caecilii
828 2187 971 2247 redolent.
998 2186 1142 2263 Syriacus

125 2276 333 2352 compendium
359 2279 541 2337 rhetoricum
568 2278 642 2353 tale,
672 2278 760 2352 quale
790 2276 878 2336 modo
902 2277 1066 2353 appellaui,
1095 2296 1141 2335 ex·

124 2365 277 2442 scripsisse
306 2366 433 2427 uidetur.
478 2369 519 2426 Et
541 2367 621 2443 quod
647 2366 682 2425 ad
712 2367 879 2441 Hermiam,
908 2367 960 2440 qui
985 2367 1017 2424 in
1047 2366 1143 2425 altera

123 2458 212 2530 parte
235 2457 334 2531 quinti
361 2458 472 2516 saeculi
499 2457 577 2515 uixit
601 2449 684 2537 (uide
709 2455 860 2515 Couvreur
881 2475 911 2530 p.
925 2447 997 2532 VI),
1025 2455 1143 2530 attinet,

123 2544 322 2604 certissimum
346 2549 399 2621 est,
425 2547 504 2622 quod
527 2545 715 2604 Immischius
738 2545 940 2617 confirmauit,
964 2542 1142 2621 Caeciliana,

123 2651 203 2709 quae
231 2635 312 2710 apud
339 2653 407 2694 eum
431 2637 561 2709 exstant,
588 2635 665 2693 nihil
695 2634 778 2693 aliud
802 2651 864 2691 esse
891 2633 950 2692 nisi
976 2632 1142 2713 παράδοσιν

123 2721 303 2798 disciplinae
321 2724 554 2801 Neoplatonicae
578 2743 612 2782 ex
631 2724 780 2782 Fauorino
803 2722 915 2798 partim
934 2721 1062 2780 ductam.
1097 2722 1143 2781 Ne

121 2811 320 2872 refutationes
345 2806 469 2895 (λύσεις)
493 2813 613 2889 quidem
636 2813 774 2872 Hermias
801 2815 866 2888 ipse
894 2812 1023 2870 inuenit:
1052 2814 1142 2871 etiam

121 2900 174 2960 hic
216 2901 333 2960 scholae
372 2901 535 2982 παράδοσις
570 2902 777 2961 tantummodo
814 2899 974 2960 lectoribus
1012 2901 1142 2960 offertur.

123 2989 266 3049 Ceterum
296 2993 405 3050 iterum
433 2992 598 3067 iterumque
626 2992 777 3064 uidemus,
809 2993 992 3067 quantopere
1021 2988 1144 3049 Caecilii

121 3080 292 3139 sententiae
309 3083 504 3158 impugnatae
522 3084 553 3140 et
570 3081 720 3140 refutatae
739 3081 812 3138 sint:
833 3077 956 3138 Caecilii
979 3079 1143 3139 aduersarii

120 3187 186 3228 non
210 3168 377 3229 defuerunt.

195 3256 355 3335 Syrianam
384 3262 415 3319 et
441 3260 596 3319 Hermiam
626 3259 778 3335 excipiunt
807 3260 886 3318 circa
915 3277 1027 3317 annum
1058 3259 1143 3333 quin-

119 3349 323 3425 gentesimum
343 3348 578 3409 Marcellinus
599 3352 630 3408 et
649 3349 809 3424 Sopater.
847 3349 941 3423 Alter,
961 3346 1143 3423 Thucydidis

119 3438 210 3495 uitae
232 3441 346 3514 auctor,
368 3439 513 3499 nonnulla
537 3438 706 3498 Caeciliana
730 3439 839 3498 summi
861 3439 952 3512 pretii
975 3437 1060 3495 nobis
1084 3455 1142 3496 ser-

118 3528 225 3600 uauit,
257 3546 333 3603 quae
363 3528 436 3588 alibi
465 3548 611 3604 nusquam
639 3529 793 3606 leguntur,
822 3527 900 3585 unde
928 3523 1055 3585 fortasse
1083 3525 1142 3584 col·

117 3615 180 3694 ligi
214 3619 314 3692 potest
339 3616 545 3678 Marcellinum
579 3620 678 3693 ipsum
706 3615 835 3675 Caecilio
868 3635 990 3690 operam
1020 3613 1142 3672 dedisse.

180 3725 277 3768 Caecilii
291 3726 403 3769 0111111111
416 3729 551 3779 fraumenta.
962 3713 981 3765 1)
