2666 3910
466 212 515 262 111.
536 211 662 261 TEXNH
679 212 864 261 ΡΗΤυΡΙΚΗ
1153 202 1175 273 5

157 369 218 423 οἷον
237 370 358 437 εἰτύχοι
377 371 421 425 ἐπὶ
440 371 603 438 ἐλευθερίας,
624 369 767 424 εἰπόντες
786 371 983 424 έπιδιιίικουςιν
994 373 1084 437 αὐτὴν
1097 374 1115 438 ἢ
1130 374 1175 425 καί

156 460 182 512 οί
200 463 333 526 πλεῑςτοι,
357 465 443 514 τοῦτο
467 463 511 513 καί
534 462 600 526 ἡμῖν
623 461 769 526 πρακτέον,
808 461 889 512 ἕκτον
911 461 967 513 ἀπὸ
985 464 1037 526 τῆς
1054 465 1114 513 τῶν
1132 461 1175 513 ἐν·

156 550 247 602 δόξων
270 549 394 616 κρίςεως·
428 548 490 602 οἷον
513 551 552 602 ὡς
575 549 601 602 οἱ
626 549 761 615 πρόγονοι
783 549 850 601 τάδε
874 550 1006 616 ἔπραξαν,
1031 550 1107 602 οὕτω
1131 551 1176 602 καί

156 640 242 705 ἡμεῖς,
262 640 301 691 ὡς
319 638 386 705 παρ’
404 638 516 706 Ὁμήρῳ
536 639 572 705 (Δ
588 639 649 706 308)
671 637 738 691 ’ωδε
757 640 801 690 καί
821 637 847 690 οἱ
865 638 996 704 πρότεροι
1014 638 1106 704 τείχεα
1126 655 1175 703 μα-

156 729 208 793 κρὰ
227 730 271 781 καί
289 728 383 781 πόλεις
401 727 562 794 ἐπόρθουν’.
598 725 699 780 εἰδέναι
718 728 748 780 δέ
769 729 817 794 δεῖ,
837 727 880 780 ότι
894 728 949 794 πρὸ
963 728 1074 780 τούτων
1089 716 1175 804 ἁπάν-
1203 739 1216 779 5

156 833 214 869 των
242 815 265 869 εί
292 818 416 881 πολέμου
440 815 594 881 ςυμβόνςος
617 801 812 882 ςυμβουλεόειν
841 816 997 881 βουλόμεθα
1025 816 1176 882 ὀφείλομεν

157 905 248 971 ὥςπερ
273 907 335 958 τινὰ
359 906 526 958 διατύπωςιν
550 909 601 957 τοί)
625 909 722 972 καιροῦ
746 905 920 971 ποιὴςαςθαι,
947 907 992 958 καί
1016 905 1107 958 οὕτως
1131 905 1176 958 ἐπὶ

156 995 209 1058 τήν
228 995 386 1060 ςυμβουλὴν
405 995 502 1061 ἐλθεῖν,
523 994 538 1047 ὃ
557 997 602 1047 καί
616 995 799 1060 Δημοςθένης
818 993 953 1060 ἐποίηεεν.
988 995 1021 1046 οὐ
1036 995 1175 1061 πρότερον

155 1083 208 1149 γὰρ
228 1083 359 1149 ἠνέςχετο
378 1085 431 1148 τὴν
450 1082 624 1149 δημηγορίαν
644 1082 742 1149 εἰπεῖν,
766 1083 802 1148 ἢν
826 1083 882 1149 ἔφη
902 1084 1098 1148 ςυμβουλεύων
1116 1089 1176 1137 τοῖς

158 1171 312 1238 Ἀθηναίοις
330 1173 445 1238 όραςθοι
463 1172 514 1224 τὸν
534 1171 564 1224 ἐν
582 1172 735 1240 Χαιρωνείᾳ
753 1173 889 1238 πόλεμον,
909 1171 932 1225 εί
952 1173 989 1238 μὴ
1008 1172 1059 1224 τὸν
1078 1174 1174 1238 καιρόν
1190 1187 1215 1226 10

156 1261 289 1326 διέγραψε
307 1261 458 1327 πρότερον,
485 1262 557 1314 όςτις
575 1261 612 1326 ῆν
631 1259 717 1314 εἰπών
736 1261 900 1330 (Χ7117169)
921 1260 1032 1327 “ἐςπέρο
1052 1262 1174 1327 μὲνγὰρ

155 1349 199 1415 ῆν,
220 1349 270 1414 ἧκε
289 1351 319 1403 δέ
337 1366 378 1404 τις
398 1350 548 1416 ἀγγέλλων,
568 1351 607 1403 ὡς
627 1349 765 1403 Ἐλάτειαν
785 1349 930 1404 Φίλιππος’
951 1351 995 1402 καὶ
1016 1351 1086 1416 ἑξῆς.
1150 1409 1152 1412 ,

228 1531 267 1578 θα
286 1529 315 1580 et
334 1534 391 1580 lls
410 1527 445 1580 cf.
464 1526 497 1579 fr.
519 1533 561 1594 71,
582 1533 637 1580 14⁸
657 1528 686 1580 et
705 1533 747 1580 19.

227 1614 274 1668 hia
292 1614 371 1668 locus
389 1613 592 1684 interpretatur
610 1615 770 1669 Aristoteli·
790 1617 880 1670 artem
897 1615 968 1669 rhet.
989 1621 1029 1668 16
1049 1634 1076 1684 p.
1093 1615 1177 1668 1362¹>

157 1708 236 1770 29ss3
258 1703 328 1758 item
346 1721 390 1758 res
410 1704 546 1759 sehabet
564 1704 594 1758 in
613 1704 645 1758 fr.
666 1712 716 1759 4ο.
751 1707 903 1772 utrumque
921 1705 1034 1759 reduxit
1052 1705 1089 1758 ad
1108 1703 1175 1758 Cae-

156 1791 253 1846 cilium
271 1793 378 1862 primus
396 1793 566 1847 Αυουιιωιυν
584 1793 602 1848 l.
622 1810 646 1848 υ.
665 1812 692 1862 p.
713 1799 832 1861 64-66,
859 1793 904 1847 aui
924 1793 1092 1862 adstipulati
1112 1796 1177 1846 sunt

157 1881 241 1934 Sumo
260 1881 277 1935 l.
299 1898 321 1935 ο.
341 1900 368 1950 p.
388 1886 440 1935 538
460 1885 489 1936 et
507 1882 668 1936 annmn
687 1881 706 1937 l.
727 1899 748 1936 ο,
768 1901 795 1951 p.
816 1887 875 1936 312.

207 2105 274 2172 *411
293 2113 423 2168 Sinuare
439 2113 531 2168 Schol.
546 2114 678 2185 Hermog.
692 2114 731 2168 id.
747 2134 773 2184 p.
790 2119 851 2181 177,
866 2120 882 2167 8
900 2115 993 2169 Rabe:
1013 2117 1177 2182 ἐξετάςομεν

157 2204 188 2256 δέ
210 2204 245 2256 τὸ
269 2206 411 2271 ςυμφέρον
434 2205 479 2257 διὰ
501 2205 598 2259 τόπων
621 2206 704 2271 ἑπτά,
732 2206 787 2258 ἀπὸ
809 2210 861 2258 τοῦ
884 2211 943 2259 τοῖς
962 2206 1070 2272 ἐχθροῖς
1090 2210 1177 2259 κακοῦ

157 2294 222 2358 ἡμῖν
246 2295 277 2346 δὲ
301 2294 458 2360 ὠφελίμου,
482 2292 613 2348 ἀπὸτοῦ
637 2300 695 2348 τοῖς
719 2295 827 2360 ἐχθροῖς
850 2295 934 2361 ἡδέος
956 2296 1023 2360 ἡμῖν
1044 2296 1075 2347 δέ
1094 2295 1217 2358 &cua-1⁶

157 2381 262 2448 φόρου,
287 2383 343 2436 ἀπὸ
366 2387 418 2434 τοῦ
443 2383 552 2449 ςφόδρα
576 2385 633 2436 δείν
658 2383 772 2437 ἐκείνων
796 2383 955 2449 ἀντέχεςθαι
978 2384 1048 2449 ὑπὲρ
1068 2383 1109 2435 ὧν
1127 2384 1177 2436 πό-

156 2486 223 2522 νους
245 2485 278 2523 τε
296 2472 477 2537 παμπόλλους
496 2471 670 2537 ἐπονήςαμεν
689 2475 733 2524 καί
752 2471 881 2539 χρήματα
900 2472 1093 2537 ἀνηλώςαμεν,
1120 2472 1176 2524 ἀπὸ

155 2563 207 2626 τῆς
234 2559 349 2612 πάντων
379 2559 537 2626 ἀνθρώπων
564 2562 582 2626 ἢ
610 2565 669 2613 τῶν
695 2562 833 2614 πλειόνων
859 2561 979 2628 κρίςεως,
1009 2560 1060 2626 ἀφ’
1086 2560 1126 2612 ὡν
1152 2559 1178 2613 οἱ

157 2648 251 2714 ἐχθροί
270 2647 463 2715 θαυμόζουςιν,
483 2649 539 2701 ἀπό
558 2654 608 2702 τοῦ
628 2650 684 2702 ὑπὸ
703 2655 762 2702 τῶν
781 2650 889 2716 ἐχθρῶν
909 2650 945 2715 μὴ
961 2650 1101 2715 ψέγεςθαι,
1121 2649 1176 2702 ἀπό

156 2741 207 2803 τῆς
225 2741 284 2790 τῶν
303 2737 426 2791 ἐνδόξων
445 2739 566 2804 κρίςεως.
1191 2753 1218 2792 m

207 2958 246 3024 *5
280 2966 473 3032 Qvnmmmvs
492 2967 558 3022 inst.
578 2985 616 3022 or.
636 2977 670 3022 111
689 2975 718 3036 6,
738 2973 784 3022 23:
816 2987 849 3024 αο
871 2971 993 3038 primam
1019 2969 1178 3024 Aristoteles

156 3056 286 3122 elementa
295 3056 382 3112 ierem
393 3058 543 3123 caristitait,
559 3058 633 3112 circa
645 3075 715 3126 qaae
727 3060 836 3114 aimari
849 3059 980 3114 uideatur
993 3059 1082 3114 ommis
1096 3075 1177 3127 qaae-

156 3146 223 3199 stio:
241 3145 345 3213 οίιςίαν,
365 3186 394 3200 ..
413 3163 446 3200 αα
465 3146 608 3216 quaeritur
628 3147 678 3202 ‘ari
691 3148 748 3201 sit'.
777 3149 946 3216 qualitatem,
967 3149 1048 3203 mim
1066 3153 1178 3215 apertas

157 3233 308 3289 imtetlmtaa
322 3239 374 3288 est:
392 3237 581 3302 quantitatem,
600 3252 670 3303 qaae
683 3236 829 3304 dupliciter
843 3255 861 3290 a
872 3238 1069 3304 posterioritas
1083 3235 1177 3289 diuisa

156 3327 204 3388 est,
223 3339 306 3390 qaam
323 3340 454 3394 mayrtam
473 3327 498 3378 et
516 3341 598 3392 qaam
617 3325 733 3379 maltum
751 3326 801 3379 sit.-
819 3325 857 3380 ad
870 3326 988 3394 aliquid,
1007 3325 1080 3379 mide
1094 3325 1177 3379 ducta
1191 3337 1218 3379 m

157 3418 195 3465 est
209 3412 357 3466 tramlatio
370 3417 396 3466 et
409 3415 590 3482 comparatio:
610 3415 665 3482 (24)
681 3421 744 3482 poet
757 3415 823 3468 haec
836 3415 886 3469 abi
899 3421 923 3469 et
937 3415 1062 3483 quamdo.-
1079 3413 1177 3468 miride

156 3501 255 3566 facere,
272 3503 343 3570 pati,
361 3501 466 3567 tabere,
485 3503 558 3570 qaod
576 3509 615 3556 eat
632 3505 714 3571 quasi
731 3507 870 3558 armatam
888 3519 950 3570 esre,
968 3504 1096 3558 amtitmm
1110 3517 1177 3556 esse:

157 3590 306 3644 maaiaeime
330 3594 444 3658 κείςθαι,
468 3591 541 3659 qaod
563 3596 601 3645 mt
623 3593 800 3660 eampomtmn
823 3609 878 3646 asse
895 3593 1013 3661 quartam
1031 3591 1123 3657 moda,
1145 3594 1178 3644 ut
