2664 3906
179 188 246 252 200
370 192 442 243 XIV.
461 192 680 244 FRAGMENTA
697 193 878 244 INCERTAE
897 194 998 244 SEDIS

179 348 332 404 Caecilium
351 348 437 403 refert
455 349 666 406 Rinnnmcm.
701 350 735 405 cf.
751 350 877 405 scholion
890 369 917 420 p.
934 356 994 419 532,
1009 357 1042 404 22
1058 349 1141 405 Dind.
1157 351 1198 406 ad

178 437 211 491 ού
230 437 318 508 μόνον
337 437 452 508 πληγάς.

247 607 346 675 1631)
371 615 508 670 ὕσοοοιον
522 616 665 671 Demosih.
680 635 718 671 or.
734 625 790 672 XXI
806 624 820 671 7
834 636 862 687 p.
878 623 939 685 638,
955 624 970 670 3
985 618 1081 672 Dind.:
1101 617 1197 690 ὕβρισ·

178 724 228 773 μαι
247 703 296 773 μὲν
315 706 380 777 ἐγὼ]
405 705 435 760 ἐκ
457 705 596 773 τεττάρων
619 705 693 774 ὅρων
716 707 840 778 βιάζεται
863 705 1029 776 δημόσιον
1055 708 1197 762 δεικνύ·

178 813 235 848 ναι
253 790 289 848 τὸ
308 793 461 864 γεγονός·
481 797 615 863 πρώτον
633 795 706 865 μέν,
725 794 777 851 ὅτι
795 805 873 850 πᾶσα
890 795 970 868 ὕβρις
988 797 1036 851 καί
1056 797 1086 852 ἐν
1104 795 1196 870 δποίῳ

178 881 281 951 δήποτε
305 888 395 958 καιρῷ
420 882 554 952 δημόσιόν
579 884 642 939 ἐστι.
680 885 729 938 καί
751 894 833 940 τοῦτο
853 885 994 941 δείκνυσιν
1013 886 1056 942 ἑνί
1074 885 1124 956 μὲν
1144 885 1195 942 διὰ

151 980 228 1028 στού
252 972 341 1028 εἰπεῖν
367 975 434 1041 (XXI
452 979 496 1042 45)
525 972 586 1036 ‘nis
608 973 659 1042 μὲν
683 973 795 1042 γραφὰς
818 974 904 1029 ἔδωκε
927 976 1012 1031 παντί
1035 979 1073 1047 τῷ
1096 977 1195 1046 βονλο-

178 1060 260 1134 μένῳ,
279 1062 310 1116 τὸ
326 1061 357 1117 δὲ
370 1059 474 1131 τίμημα
490 1061 601 1131 ἐποίησε
616 1061 751 1131 δημόσιον
767 1061 850 1117 ὕλον’.
889 1062 1055 1130 δευτέρον
1074 1062 1123 1131 δέ,
1144 1061 1197 1118 ὅτι

177 1148 271 1204 ποίντα
283 1149 319 1204 τδι
333 1152 364 1204 ἐν
377 1159 410 1221 τῇ
427 1151 507 1222 ἑορτῇ
522 1149 683 1220 γιγνόμενα,
697 1150 751 1208 κᾶν
766 1152 806 1215 εἰς
820 1153 936 1221 ἰδιώτην
950 1147 977 1224 ᾖ,
995 1151 1115 1222 δημόσιά
1129 1154 1196 1207 ἐστι.

177 1236 307 1307 τρίτον,
327 1238 422 1312 <ὕτι>
441 1239 476 1293 τὰ
495 1240 535 1301 εἰς
548 1242 670 1312 χορηγὸν
685 1239 835 1311 μιγνύμενα
849 1243 897 1295 καί
912 1245 1002 1313 πολλῷ
1016 1240 1109 1297 πλέον.
1142 1260 1197 1296 τε·

178 1327 318 1396 τοίρτον,
333 1325 385 1383 ὅτι
400 1330 454 1383 *ού
469 1325 512 1384 δι’
530 1328 585 1398 ἐμὲ
600 1327 718 1398 μόνον,
733 1330 886 1384 ἀλλὰκαὶ
901 1330 1199 1393 διὰποίνταςτοῦς

139 1417 318 1486 σούλλοος,
347 1415 447 1481 ὕσονς
474 1417 627 1489 ὕβρισεν,
655 1416 752 1484 ἄξιός
775 1419 866 1475 ἐστιν
889 1420 931 1482 ὡς
953 1419 1115 1491 ὑβριστὴς
1137 1419 1195 1473 καὶ

178 1495 387 1573 τυραννικὸς
410 1505 558 1582 δημοσίῳ
583 1509 825 1576 νολασῦῆναι’.
862 1517 974 1575 πρῶτον
1002 1505 1054 1563 οὖν
1080 1506 1196 1564 ἀποδεί-

179 1612 289 1663 κννσιν,
315 1593 356 1650 ὅτι
378 1605 470 1650 πᾶσα
493 1595 590 1668 ὕβρις
614 1594 780 1666 δημόσιόν
805 1598 887 1666 ἐστι,
911 1595 959 1651 καί
979 1615 1064 1666 φησιν
1083 1601 1149 1667 (ΧΧΙ
1167 1599 1198 1668 8)

181 1683 223 1738 ‘sl‘
234 1705 277 1746 τις
295 1682 347 1739 οὕν
365 1685 464 1754 ὑμῶν’.
498 1686 631 1740 ἐντεῦθεν
649 1687 667 1756 ἡ
686 1686 909 1755 προκαταστενή,
928 1687 1002 1741 ἔνθα
1020 1684 1117 1756 vim
1130 1687 1197 1748 τοὺς

179 1773 231 1828 δύο
258 1771 369 1843 νύμονς,
395 1774 547 1842 δεικνύων,
575 1771 618 1828 ὅτι
641 1773 775 1844 δημόσιόν
800 1776 855 1830 έστι
880 1775 911 1830 τὸ
936 1773 1069 1845 ἀδίκημα.
1107 1775 1197 1842 ἕτεροι

140 1879 165 1919 15
179 1861 211 1916 δέ
234 1879 336 1931 φασιν,
360 1860 403 1917 ὕτι
424 1870 506 1917 τοῦτο
531 1865 611 1917 δοκεῖ
632 1862 682 1933 μὲν
706 1868 900 1933 συνηρτῆσθαι
923 1869 961 1937 τῷ
984 1861 1134 1938 προοιμίῳ·
1162 1864 1198 1919 τδ

179 1951 209 2006 δὲ
229 1950 334 2020 ἀληθὲς
353 1950 443 2018 ὥσπερ
461 1949 611 2020 προοίμιόν
631 1953 687 2007 ἐστι
704 1959 753 2020 τῆς
772 1962 945 2022 κατασκευῆς
963 1961 1013 2021 τῆς
1030 1953 1191 2024 μελλούσης·

180 2039 312 2094 ἐντεῦθεν
331 2039 385 2109 γὰρ
403 2040 566 2112 προβιβαίζει
583 2042 648 2108 περὶ
666 2050 715 2094 τοῦ
734 2049 837 2112 χρῆναι
855 2041 891 2096 τὰ
905 2043 935 2097 ἐν
954 2051 986 2113 τῇ
1003 2041 1082 2114 ἑορτῇ
1097 2041 1193 2097 πάντα

179 2128 300 2199 δημόσια
318 2127 439 2198 νομίζειν
458 2130 506 2183 καί
525 2131 558 2184 ού
576 2138 633 2183 τῶν
652 2128 732 2185 ἰδίων
750 2131 828 2194 τινὸς
846 2129 929 2185 ἕνεκα
946 2130 1091 2201 γίνεσθαι,
1114 2151 1195 2186 τοντ-

179 2216 252 2272 έστιν
273 2215 314 2272 ὕτι
331 2227 408 2272 πᾶσα
427 2216 508 2289 ὕβρις
526 2215 662 2287 δημόσιόν
681 2219 763 2273 ἐστιν.

251 2341 286 2396 τί.
303 2343 334 2396 fr.
351 2346 401 2395 163
411 2344 440 2396 et
452 2347 501 2395 163
510 2361 535 2397 ο.
555 2343 679 2412 uestigia
693 2341 809 2399 Caecilii
823 2345 972 2415 adgnoscit
983 2345 1195 2398 Rinssnncuin.

246 2520 316 2587 164
352 2522 576 2590 ΡοοΡΗΥοῙνε
609 2542 703 2588 APVD
736 2543 911 2590 Evsssmvii
945 2542 1196 2592 cinsissmisssii
1248 2577 1250 2580 .

139 2653 165 2692 εο
178 2652 321 2713 praepar.
346 2632 489 2715 euangel.
512 2637 539 2694 X
563 2631 593 2713 3,
614 2631 670 2694 13:
705 2634 875 2697 Κεκίλιος
908 2635 944 2698 δὲ
976 2633 1020 2697 ὥ(
1052 2655 1081 2697 τι
1114 2635 1198 2711 μέγα

179 2740 384 2816 πεφωρακὼ(
421 2738 500 2803 ὅλον
538 2742 644 2818 δρᾶμα
681 2741 713 2804 ἐξ
750 2739 849 2818 ἀρχῆς
887 2740 931 2804 εἰ(
968 2741 1061 2804 τέλος
1095 2740 1194 2804 Ἀντι-

179 2843 306 2922 φάνου(
325 2845 383 2909 τὸν
404 2845 614 2923 Οἰωνιετήν
634 2850 721 2920 (CAF
740 2859 763 2904 11
782 2856 815 2905 82
830 2851 874 2920 K)
894 2847 1095 2924 μέῒαῐβὰψαῑ
1119 2848 1197 2925 <ind

179 2951 237 3014 τὸν
262 2951 455 3030 Μένανδρον
480 2953 524 3016 εἰ(
547 2953 605 3017 τὸν
629 2954 907 3030 Δειτιδαίμονα
931 2957 1017 3027 (OAF
1036 2966 1070 3012 111
1089 2963 1122 3010 σε
1141 2957 1195 3027 K).

180 3054 234 3122 (14)
254 3053 315 3108 ἐπεί
333 3053 364 3109 δὲ
387 3054 453 3118 τούς
471 3054 590 3117 κλέπτας
608 3055 718 3122 ἔδοξεν,
742 3056 793 3110 ούιι
812 3051 869 3111 οἷδ’
886 3054 975 3122 ὅπως,
997 3056 1077 3125 ύμῖν,
1099 3053 1198 3125 φησίν,

139 3142 220 3203 τσείς
245 3142 277 3196 τὸ
310 3141 394 3211 μέσον
422 3145 554 3214 ἀγαγεῖν,
587 3145 683 3213 μηνύω
716 3145 819 3207 καύτὸς
846 3142 1022 3214 Ὑπερίδην
1050 3145 1093 3215 (fr.
1113 3151 1147 3200 95
1166 3148 1199 3200 eb

180 3235 231 3285 104
250 3230 316 3299 BN)
349 3232 399 3287 τὸν
426 3230 527 3301 καλόν,
559 3232 647 3287 πολλδι
679 3233 770 3300 παρὰ
800 3233 1047 3302 Δημοσθένους
1079 3237 1196 3288 κεκλο-

180 3317 280 3388 φότα,
300 3319 334 3374 δν
353 3339 386 3375 τε
405 3326 447 3394 τῷ
469 3323 559 3390 Πρὸς
577 3323 736 3377 Διώνδαν
762 3321 846 3396 λόγῳ
866 3323 929 3376 κάν
952 3326 995 3395 τῷ
1019 3323 1103 3390 Περὶ
1130 3331 1197 3376 τῶν

180 3409 356 3478 Εὕβούλον
376 3413 518 3476 δωρεῶν.
561 3412 616 3480 (15)
635 3411 692 3464 καί
711 3409 762 3466 ὅτι
782 3410 840 3480 μὲν
860 3409 875 3465 δ
895 3410 1008 3478 ἕτερος
1026 3410 1117 3478 παρὰ
1136 3418 1196 3466 τοῦ

251 3572 267 3621 8
287 3565 330 3621 ὕτι
349 3567 413 3622 add.
433 3569 647 3624 Radermacher.
