2664 3906
186 219 250 284 172
324 223 386 272 XII.
405 220 559 270 EKAOPH
576 216 728 276 ΑΕΞΕΩΝ
745 219 842 269 ΚΑΤΑ
859 219 1060 271 ΣΤΟΙΧΕΙΟΝ

254 380 352 434 ὃνιοιι
372 396 393 432 ι.
413 397 440 432 u.
460 381 578 444 κόβαλος
597 377 642 447 (cf.
657 376 711 430 lex.
726 377 752 430 S.
768 379 859 446 quart.
874 396 901 446 p.
917 382 977 445 190,
993 381 1051 447 9ό)ι
1073 421 1078 432 .
1096 422 1101 433 .
1119 422 1124 433 .
1144 397 1203 433 κο·

183 470 309 536 βαλεία·
330 472 347 536 ἡ
367 469 443 536 παρὰ
460 472 587 534 πονηροῦ
607 468 758 534 ἀνθρώπου
778 469 914 522 κολακεία.

253 600 351 655 θνιιιιι
371 601 416 669 (cf.
435 599 488 654 lex.
509 599 536 654 S.
555 600 645 669 quint.
664 618 691 669 p.
712 605 772 666 970,
788 602 827 669 ἵλε
847 601 1067 667 κοροπλάθοι·
1087 602 1114 655 οἱ
1131 605 1202 656 τοὺς

181 693 283 759 κόρους
305 693 474 744 πλάττοντες
497 697 574 759 κηρῶ
598 693 616 756 ῆ
637 692 735 760 γύψῳ,
758 691 882 743 τουτέςτι
901 691 1015 759 τὰζῷα
1033 691 1134 744 πάντα,
1172 691 1202 744 οί
1314 754 1320 766 ,

155 798 166 833 ,ι
181 781 431 836 καταςκευάῑοντες
450 781 550 834 είδωλα
570 781 672 847 βραχέα
691 779 722 832 ἐκ
740 781 832 846 πηλοθ
850 780 966 832 πάντων
984 781 1074 848 ζῴων,
1097 779 1139 833 οἷς
1158 781 1201 834 ἐξ-

181 874 336 923 απατάςθαι
353 871 388 923 τὰ
407 870 538 936 παιδάρια
557 869 664 935 εἴωθεν,
684 869 767 922 οὗτος
786 868 960 935 κοροπλάθος
979 871 1107 922 καλεῖται.

251 1003 316 1055 Ιικκ.
336 1022 357 1057 ιι,
378 1021 472 1063 ονλιιτ.
492 1021 518 1071 p.
541 1007 599 1068 190,
620 1008 666 1055 91ι
694 1002 882 1068 Κρώβυλος·
909 1002 993 1055 οὗτος
1019 1004 1106 1056 ἔδωκε
1132 1003 1200 1070 χρή-

181 1110 254 1158 ματα
274 1093 429 1159 Ἀθηναίοις
448 1095 492 1145 καί
511 1094 594 1161 έςῳςε
614 1091 787 1145 καταδίκους.

252 1225 316 1278 Lux.
336 1244 357 1278 s.
378 1244 473 1285 ανλιιπ.
492 1244 520 1294 p.
541 1229 601 1292 190,
621 1230 667 1278 15:
688 1226 908 1292 κωλακρέται’
929 1224 956 1277 οί
973 1230 1141 1291 κρατοῦντες
1159 1227 1200 1278 δι-

69 1378 71 1386 ,
141 1330 166 1369 ιο
181 1317 311 1381 καςτικήν
331 1315 438 1382 ζημίαν,

252 1448 350 1501 Βνιοιι
378 1447 424 1516 (cf.
452 1447 505 1501 lex.
530 1447 556 1501 S.
581 1449 673 1514 quart.
695 1465 722 1515 p.
749 1452 813 1513 191,
837 1447 878 1515 3):
906 1447 1200 1514 λειπομαρτυρίου

179 1539 267 1605 δίκη·
293 1544 352 1592 τοῖς
375 1539 564 1603 έπιςταμένοις
586 1555 613 1590 τι
635 1542 694 1590 τῶν
717 1537 921 1603 πεπραγμένων
944 1539 989 1588 καί
1014 1536 1201 1602 μαρτυρήςειν

179 1628 378 1694 ὑπεςχημένοις
396 1627 427 1679 ἐν
446 1627 624 1695 δικαςτηρίιμ,
644 1628 704 1680 εἶτα
723 1628 754 1679 δέ
772 1627 888 1692 ὕετερον
907 1625 1100 1691 ἀποφυγοῠςιν
1119 1625 1199 1688 ἐλάγ-

179 1732 265 1782 χανον
289 1717 380 1783 δίκην·
405 1717 456 1768 κᾶν
481 1718 531 1781 μὲν
553 1719 676 1782 ῆλωςαν,
701 1715 837 1780 ἐτιμῶντο
862 1714 923 1767 κατ’
942 1714 1033 1782 ἀξίαν,
1057 1714 1081 1766 εί
1104 1715 1135 1767 δέ
1159 1715 1199 1780 μὴ

139 1819 164 1858 15
180 1806 236 1858 ἕλοι
255 1807 270 1858 ό
290 1806 409 1872 διώκων,
428 1806 579 1871 πρόςτιμον
598 1804 705 1858 ἐτίθετο
724 1804 841 1870 δραχμή.

251 1937 361 1991 θνιοιιε
382 1938 587 2004 Λεωκόριον·
604 1938 691 1990 τόπος
705 1941 756 2004 τῆς
772 1936 904 2002 Ἀττικῆς,
919 1936 975 1989 ἀπὸ
989 1935 1116 2002 ίςτορίας.
1146 1935 1199 1989 ἐλί-

180 2029 253 2092 μωξέ
276 2044 345 2081 ποτε
368 2030 385 2094 ἡ
408 2027 530 2093 Ἀττική,
555 2029 599 2080 καί
622 2028 695 2079 λίιςις
718 2027 754 2091 ῆν
777 2030 835 2078 τῶν
857 2027 957 2078 δεινῶν
976 2026 1075 2078 παιδός
1094 2025 1198 2090 ςφαγή.

179 2117 256 2169 Λεὼς
275 2118 326 2170 οὖν
344 2132 385 2169 τις
403 2117 453 2169 τὰς
473 2117 575 2169 ἑαυτοῦ
594 2115 748 2181 θυγατέρας
767 2115 919 2168 ἐπιδέδωκε
933 2117 977 2167 καί
992 2114 1131 2180 ἀπήλλαξε
1144 2117 1199 2165 τοῦ

178 2207 259 2271 λιμοῦ
277 2207 330 2271 τὴν
348 2206 441 2258 πόλιν·
462 2206 506 2257 καί
525 2205 556 2257 ἐκ
574 2205 678 2256 τούτου
698 2203 801 2269 ἐκλήθη
821 2205 836 2257 ὁ
855 2203 942 2256 τόπος
961 2203 1128 2269 Λεωκόριον.

139 2353 165 2392 20
251 2337 350 2390 Svas
369 2336 415 2405 (cf.
434 2336 487 2389 lex.
508 2335 534 2389 S.
554 2337 644 2404 quart.
664 2354 691 2404 p.
713 2341 772 2401 191,
794 2339 832 2404 ’1);
857 2336 1075 2403 ληξιαρχικόν
1094 2352 1199 2402 γραμ·

179 2434 329 2493 ματεῖον·
357 2425 512 2492 Ἀθηναίων
537 2431 596 2478 τῶν
621 2426 713 2479 ἀετῶν
738 2430 797 2478 τῶν
822 2425 948 2491 ἐχόντων
972 2425 1079 2491 ἡλικίαν
1103 2425 1199 2491 ἄρχειν

178 2517 369 2584 ἀναγράφεται
393 2516 425 2568 τὸ
450 2515 540 2579 ὄνομα
562 2515 787 2581 προςτιθεμένων
809 2519 868 2567 τῶν
892 2515 990 2580 δήμων
1011 2514 1114 2566 αὐτοῖς.
1152 2515 1199 2565 καί

178 2607 207 2660 ἐξ
226 2606 340 2660 ἐκείνων
359 2610 418 2658 τῶν
436 2603 632 2672 γραμματείων
652 2606 781 2670 κληροθςι
799 2604 850 2657 τὰς
869 2603 963 2670 ἀρχάς.

250 2712 285 2766 do
303 2728 333 2766 re
352 2711 442 2765 fusius
462 2710 522 2780 egit
539 2709 564 2764 J.
584 2709 714 2780 Toepffer
731 2709 848 2763 Hermes
867 2717 936 2763 XXX
956 2713 1024 2762 1896
1043 2726 1070 2777 p.
1091 2712 1141 2760 391
1152 2725 1187 2761 ss.

250 2845 370 2900 (λαπάρα.
387 2863 510 2899 comm.
525 2852 568 2898 VII
582 2849 598 2896 2
612 2861 640 2912 p.
657 2848 735 2911 1190,
750 2848 783 2896 95
798 2842 843 2894 W.
864 2840 909 2910 (cf.
925 2840 1026 2895 Suidas
1041 2859 1061 2896 s.
1077 2859 1103 2894 u.
1119 2844 1198 2908 λῆξιν

138 2949 163 2988 25
178 2936 256 3003 δίκης
275 2937 303 2988 et
321 2934 374 2989 lex.
395 2934 421 2988 S.
440 2935 530 3002 quart.
550 2951 577 3002 p.
595 2937 654 2999 191,
670 2935 709 3002 5):
733 2935 826 3000 λῆξις
850 2932 945 2997 δίκης
968 2932 1001 2985 τό
1021 2934 1198 2995 καταγγείλαι

178 3024 262 3090 κρίςιν
276 3029 334 3078 τῶν
349 3024 497 3078 ἰδιωτικῶν
510 3024 679 3089 ὑποθέςεων,
699 3024 743 3075 καί
762 3024 855 3086 λαχεῖν
870 3021 920 3086 μέν
934 3019 1014 3086 δίκην
1028 3021 1062 3073 τό
1075 3023 1198 3087 πρώτω(

178 3120 317 3167 κατειπεῖν
335 3116 392 3166 κτλ.

249 3245 347 3299 ὃνιιιιε
369 3245 415 3314 (cf.
434 3245 487 3298 lex.
508 3244 534 3298 S.
554 3244 644 3312 quint.
664 3263 691 3312 p.
711 3248 772 3310 977,
792 3244 849 3311 33):
868 3245 1067 3310 λιθουργική
1087 3245 1132 3296 καί
1149 3245 1198 3296 λι-

177 3339 353 3402 θοτριβική
378 3337 517 3402 διαφέρει·
542 3337 559 3401 ἡ
585 3336 635 3399 μὲν
658 3334 831 3400 λιθουργική,
857 3333 893 3398 ἣν
917 3333 947 3384 ἐν
970 3338 1029 3385 τοῖς
1053 3331 1198 3397 μετάλλοις

138 3439 164 3478 ιο
178 3425 341 3490 ἐργάζονται
361 3425 387 3478 οἱ
405 3426 554 3489 τέμνοντες
571 3425 639 3476 τοὺς
657 3423 763 3476 λίθους·
782 3423 800 3487 ἡ
820 3423 852 3474 δέ
870 3421 1037 3487 λιθοτριβική
1057 3422 1140 3487 ἐςτιν,
1160 3421 1198 3486 ἣν

178 3514 298 3578 μετίαςιν
321 3513 348 3567 οί
367 3513 578 3567 καταξαίνοντες
596 3514 641 3564 καί
660 3515 826 3575 κοεμοῡντεε
843 3511 911 3563 τοὺς
929 3509 1035 3576 λίθους,
1062 3509 1127 3562 ῶςτ’
1146 3510 1197 3564 ἀπ·

111 3625 113 3630 ’
177 3603 321 3668 ειληφέναι
344 3604 397 3668 τὴν
424 3603 590 3668 εὐπρέπειαν
614 3601 729 3653 ἕκαςτον
753 3603 813 3652 τῶν
838 3600 937 3665 ἔργων.
975 3599 1074 3652 Λυςίας
1099 3599 1129 3651 ἐν
1154 3604 1198 3668 τῷ
