2666 3910
445 229 493 310 113.
514 229 639 278 TEXNH
657 228 842 278 PHTOPIKH
1108 225 1148 288 31

133 404 224 454 τηςιν,
250 387 279 454 ’ἢ
299 388 455 454 φθοίςαντες
480 388 629 453 ἐρωτῶμεν
651 387 775 453 αὐτούς’,
799 387 817 440 ἃ
840 387 921 456 ῥᾴδια
945 389 1016 441 ἐςτιν
1040 387 1152 453 ἀποκρί-

133 481 240 543 ναςθαι,
260 475 321 530 οἷον
340 477 452 530 ἐπειδὰν
472 478 563 546 ἐρωτᾷ
583 493 624 544 με,
642 476 670 530 τί
688 474 766 547 <ἂν>
787 476 913 543 ἐποίηςα·
943 476 1006 530 ίοὐκ
1025 478 1059 529 ἂν
1077 478 1151 544 τόδε,

134 567 203 620 ἀλλὰ
222 566 310 632 τόδε’,
332 565 394 618 οἷον
419 564 482 618 ὀὐκ
507 567 540 618 ἂν
565 566 775 632 ἐςυκοφάντουν
797 567 864 619 τοὺς
887 565 999 633 φίλους,
1023 565 1082 619 ἀλλ’
1100 564 1153 631 είρ-

134 653 282 721 γοζόμην’.

207 743 270 797 Ἐὰν
289 745 319 797 δέ
339 747 491 808 ἀναγκαῖον
510 746 527 813 ῇ
547 745 660 798 πάντως
679 745 889 810 ἀποκρίνοςθαι,
910 743 1000 797 αἰτίαν
1018 744 1079 796 τινὰ
1099 745 1150 809 χρὴ
1179 757 1192 796 ο

134 834 309 899 προςτιθέναι
340 839 375 901 τῇ
404 833 555 900 ἀποκρίςει,
589 833 650 886 οἷον
678 835 716 886 ὡς
745 833 891 900 Ὑπερίδης
920 834 1069 899 ἐρωτηθείς
1097 833 1151 885 ὑπὸ

136 921 380 990 Ἀριςτογείτονος,
405 921 428 975 εί
452 925 558 989 ἔγραφε
581 925 648 976 τοὺς
668 923 786 976 δούλους
806 923 969 987 ἐλευθέρους
988 922 1070 988 εἷναι,
1095 923 1150 987 ἐφη

136 1009 178 1078 (fr.
195 1014 237 1061 27.
253 1014 286 1061 28
302 1009 367 1079 Bw)
389 1011 446 1064 ‘ch
466 1014 502 1077 μὴ
523 1011 549 1064 οἱ
568 1012 707 1077 ἐλεύθεροι
726 1010 898 1065 δουλεύωςι’.

206 1100 247 1152 Τά
270 1117 301 1164 γε
326 1103 381 1166 μήν
404 1100 545 1166 ἀμφίβολα
569 1099 629 1152 οίον
652 1102 685 1153 τό
712 1099 760 1169 ’πῂ
786 1102 836 1166 μέν
855 1102 973 1166 ἔπραξα,
996 1101 1034 1167 πῂ
1056 1100 1085 1152 δέ
1106 1097 1150 1150 οὔ’

135 1190 273 1242 ἐξαπλοῦν
295 1194 336 1257 τῶ
361 1190 435 1257 λόγῳ
460 1193 505 1242 καλ
528 1190 577 1242 τὰς
601 1189 690 1243 αἰτίας
713 1191 899 1256 προςτιθέναι,
925 1188 986 1241 οίον
1007 1187 1083 1240 ίτόδε
1103 1187 1152 1251 μὲν
1168 1202 1193 1240 ιο

135 1280 240 1344 ἔπραξα
259 1279 304 1331 διὰ
321 1278 409 1346 τόδε’,
429 1281 474 1332 καί
493 1280 566 1332 όλως
585 1280 634 1332 τὰς
654 1279 837 1345 βραχυλογία(
855 1281 900 1331 καί
920 1277 1066 1342 ςυντομίας
1085 1293 1152 1342 παρ-

136 1369 243 1433 ἐχεςθοι
262 1368 307 1420 ἐπί
324 1374 385 1421 ταῖς
404 1368 566 1435 ἀποκρίςεςι,
586 1372 604 1434 †
622 1369 658 1421 τὰ
677 1370 707 1421 δέ
726 1371 936 1434 προςδιοριςμοῠ
956 1366 1102 1433 φευκτέον.

208 1455 237 1509 Εί
263 1457 293 1509 δέ
319 1456 357 1510 είς
383 1458 510 1511 ἐναντίον
535 1460 552 1522 ἡ
581 1458 712 1523 ἐρῶτηςις
738 1458 850 1524 ἀπάγει,
877 1460 931 1522 τήν
956 1457 1031 1509 λύειν
1057 1455 1154 1520 φέρειν

136 1546 188 1611 χρή
213 1547 276 1610 ἤτοι
299 1546 353 1611 πρὸ
377 1551 429 1598 τοῦ
449 1548 576 1600 ἐπιόντος
595 1546 775 1612 ἐρωτήματος
794 1549 811 1612 ή
832 1547 927 1599 ἁπλῶς
946 1546 1000 1611 πρό
1018 1549 1070 1597 τοῦ
1090 1560 1153 1608 ςυμ-

135 1637 308 1700 περανθήναι
327 1636 378 1688 τὸν
398 1638 575 1701 ςυλλογιςμὸν
593 1641 634 1703 τῶ
654 1637 808 1701 ἐρωτῶντι’
828 1636 925 1701 ςχεδόν
943 1636 997 1699 γὰρ
1016 1635 1068 1686 οὐκ
1087 1634 1153 1698 ἄδη-
1168 1646 1193 1686 15

136 1725 186 1775 λον
205 1724 288 1776 εὐθὺς
307 1725 478 1791 ἐρωτῶντος,
498 1727 541 1778 ὅτι
561 1727 688 1790 βούλεται
707 1727 722 1778 δ
742 1726 836 1788 λόγοςΙ
857 1726 926 1777 ῶςτε
942 1723 1087 1790 φθάςαντα
1100 1724 1153 1787 τήν

137 1811 228 1864 αἰτίαν
248 1813 413 1880 ἐπενεγκεῖν,
432 1814 449 1879 ἣ
469 1815 617 1880 ἀφαιρήςει
635 1816 686 1867 τόν
704 1815 800 1866 τόπον.

209 1901 282 1954 Ἐςτι
306 1903 337 1955 δέ
363 1905 406 1956 καὶ
431 1908 472 1970 τῷ
499 1904 702 1970 ςυμπερόςμοιτι
728 1905 767 1956 ῶς
792 1903 951 1968 ἐρωτήματι
976 1904 1091 1968 χρήςθαι
1117 1901 1152 1965 μή

136 1991 387 2058 προςποιούμενον,
411 1994 454 2045 ότι
478 1995 493 2045 δ
518 1993 633 2057 ἐρωτῶν
657 1993 835 2058 ςυμπέραςμοι
858 1991 1011 2057 ἐπήγαγεν,
1038 1989 1154 2043 ἀλλ’ὡς

136 2080 206 2144 πρός
224 2080 274 2132 τὰς
293 2080 377 2133 ἄλλος
395 2082 539 2147 προτάςεις
558 2081 756 2147 ἀποκρίναςθοι
775 2084 819 2133 καί
838 2081 908 2147 πρός
925 2081 958 2132 τὸ
976 2080 1154 2144 ςυμπέραςμα
1168 2092 1194 2130 ιο

137 2170 176 2221 ῶς
196 2169 367 2234 ἐρωτῶντος.

209 2257 267 2311 Ἔτι
291 2259 550 2324 ἀπομνημονεύουςι
574 2262 636 2326 περὶ
659 2264 710 2312 τοῡ
733 2263 785 2325 τής
808 2258 939 2325 ἐφορείας
964 2257 1153 2321 εὐθυνομένοο

137 2347 282 2400 ΛάκωνοςΙ
307 2348 475 2401 ἑαλωκότων
495 2350 535 2401 ἐτι
553 2353 611 2401 τῶν
631 2350 826 2415 ςυναρχόντων
845 2346 1007 2413 ἐρωτηθείς,
1031 2344 1054 2398 εἰ
1073 2345 1154 2410 δοκή-

138 2452 177 2489 ςει
191 2439 209 2501 †
223 2436 336 2489 δικαίως
352 2437 355 2504 ί
373 2437 535 2503 ἀπήχθηςαν
555 2437 580 2490 οἱ
600 2439 707 2504 ἔφοροι,
727 2439 795 2503 ἔφη’
815 2437 897 2489 πάλιν
917 2437 947 2489 δέ
961 2437 1153 2488 ἀνοπυνθανο-
1169 2431 1260 2484 334Ιί.

139 2525 240 2591 μένων,
261 2524 283 2578 εί
297 2528 348 2591 τῆς
362 2526 488 2591 πράξεως
503 2528 705 2592 κεκοινώνηκεν
720 2526 823 2592 αὐτοῖς,
841 2523 1062 2590 ίκεκοινῶνηκαὶ
1097 2521 1154 2574 ‘oc-
1169 2535 1194 2575 ee

137 2613 219 2667 κοῦν’
244 2614 386 2677 λεγόντων
411 2614 466 2666 ίκοιί
490 2616 520 2668 ςὺ
545 2615 657 2668 δικαίως
680 2616 715 2667 ἂν
734 2614 875 2678 ἀπόλοιο;’
902 2613 948 2666 ὀὐ
968 2612 1061 2679 δήτα’,
1085 2613 1153 2677 ἐφη·

140 2701 179 2754 ‘oi
203 2703 253 2767 μέν
275 2703 328 2768 γὰρ
352 2703 481 2770 χρήματα
500 2704 688 2769 λαμβάνοντες
705 2709 796 2756 ταῦτα
815 2705 950 2770 ἔπραξαν,
975 2702 1030 2765 ἐγὼ
1050 2702 1080 2754 δέ
1099 2701 1154 2753 ἀπὸ

138 2791 273 2857 γνῶμης’.
319 2792 364 2857 μὴ’
384 2792 590 2859 προςποιηθείς,
620 2793 662 2845 ότι
691 2794 868 2858 ςυμπέραςμα
897 2791 1049 2857 ἐπήγαγεν,
1079 2792 1155 2843 ἔλυςε

140 2883 184 2933 καί
207 2883 325 2944 λογικῶς
347 2882 398 2933 τὸν
422 2882 608 2947 ςυλλογιςμὸν.
646 2883 711 2934 ὅθεν
735 2883 780 2933 καί
802 2882 835 2933 τὸ
860 2881 930 2934 αὐτό
954 2885 1012 2933 τοῖς
1031 2880 1154 2945 ἐρωτῶςι

213 3043 281 3090 1-e
301 3037 335 3091 ef.
351 3037 384 3092 fr.
399 3041 457 3092 ece
471 3057 498 3107 p.
513 3045 555 3104 ιι,
572 3045 650 3092 3-8.

213 3258 228 3305 2
253 3249 289 3305 dcv
315 3252 379 3306 cdd.
405 3251 533 3321 Spengel.
607 3260 622 3306 3
650 3254 701 3307 οὐκ
727 3250 763 3306 ἂν
789 3252 1000 3321 ἐσυκοφάντουν
1026 3250 1155 3320 Spengel,

140 3323 353 3392 ἐσυκοφάντουν
372 3325 423 3378 οὐκ
443 3321 479 3379 ἂν
498 3324 528 3379 P.
603 3331 634 3378 12
653 3326 719 3387 τοὺς
738 3325 768 3379 δὲ
787 3324 1021 3392 προσόνορισμοιλς
1038 3321 1155 3389 Finckh,

141 3397 213 3463 ‚forh
232 3394 268 3448 τὰ
287 3393 318 3450 δὲ
336 3397 555 3465 προσδιορισμοῡ
576 3394 748 3468 <όεόμενοι>ι
770 3395 855 3448 Rabe.
931 3400 961 3448 17
983 3394 1054 3456 ‚forn
1074 3395 1155 3447 ἀναι-

141 3465 219 3533 ρήσει
232 3465 265 3519 τὸ
279 3465 395 3520 ἄτοκονι
410 3465 496 3521 Rabe.
571 3472 604 3520 23
620 3467 660 3520 ἐτι
675 3466 728 3521 dcl.
740 3466 814 3535 Spen
836 3466 869 3531 el,
887 3465 942 3534 ἤδη
953 3464 1154 3518 Schneidewin.

141 3543 184 3592 23.
204 3543 238 3592 24
258 3535 371 3604 δοκήσει
391 3536 444 3591 del.
465 3537 668 3604 Schneidewin,
690 3536 802 3605 δοκήσει
821 3557 863 3592 οτι
882 3536 1005 3606 Seguier.
1079 3539 1112 3588 25
1132 3534 1156 3588 εἰ

141 3608 267 3678 seguiter,
286 3605 303 3677 ἢ
321 3608 352 3662 Ρ.
425 3610 616 3677 κεκοινώνηκα
636 3608 840 3674 Schneidewin,
859 3606 1020 3674 κοινωνήσειν
1039 3607 1068 3660 P.
