<?xml version="1.0" encoding="UTF-8"?>
<!DOCTYPE html PUBLIC "-//W3C//DTD XHTML 1.0 Transitional//EN"
    "http://www.w3.org/TR/xhtml1/DTD/xhtml1-transitional.dtd">
<html xmlns="http://www.w3.org/1999/xhtml" xml:lang="en" lang="en">
 <head>
  <title>
</title>
<meta http-equiv="Content-Type" content="text/html;charset=utf-8" />
  <meta name='ocr-system' content='tesseract 3.04.00' />
  <meta name='ocr-capabilities' content='ocr_page ocr_carea ocr_par ocr_line ocrx_word'/>
</head>
<body>
  <div class='ocr_page' id='page_1' title='image "./caeciliicalacti00caecgoog_0151.png"; bbox 0 0 2666 3912; ppageno 0'>
   <div class='ocr_carea' id='block_1_1' title="bbox 188 236 1198 302">
    <p class='ocr_par' dir='ltr' id='par_1_1' title="bbox 188 236 1198 302">
     <span class='ocr_line' id='line_1_1' title="bbox 188 236 1198 302; baseline -0.005 -10"><span class='ocrx_word' id='word_1_1' title='bbox 188 238 251 302; x_wconf 86' lang='lat'><strong><em>106</em></strong></span> <span class='ocrx_word' id='word_1_2' title='bbox 283 241 344 291; x_wconf 88' lang='lat' dir='ltr'>VII.</span> <span class='ocrx_word' id='word_1_3' title='bbox 364 241 451 290; x_wconf 83' lang='grc' dir='ltr'>ΠΕΡΙ</span> <span class='ocrx_word' id='word_1_4' title='bbox 468 239 544 290; x_wconf 83' lang='grc' dir='ltr'><strong><em>ΤΟΤ</em></strong></span> <span class='ocrx_word' id='word_1_5' title='bbox 562 238 803 289; x_wconf 83' lang='grc' dir='ltr'><strong>ΧΑΡΑΚΤΗΡΟΣ</strong></span> <span class='ocrx_word' id='word_1_6' title='bbox 821 236 896 288; x_wconf 80' lang='grc' dir='ltr'><strong><em>ΤΩΝ</em></strong></span> <span class='ocrx_word' id='word_1_7' title='bbox 914 237 1010 288; x_wconf 80' lang='grc' dir='ltr'><strong>ΔΕΚΑ</strong></span> <span class='ocrx_word' id='word_1_8' title='bbox 1027 236 1198 288; x_wconf 82' lang='grc' dir='ltr'><strong>ΡΗΤΟΡΩΝ</strong></span> 
     </span>
    </p>
   </div>
   <div class='ocr_carea' id='block_1_2' title="bbox 182 397 1201 555">
    <p class='ocr_par' dir='ltr' id='par_1_2' title="bbox 182 397 1201 555">
     <span class='ocr_line' id='line_1_2' title="bbox 182 397 1201 466; baseline -0.002 -14"><span class='ocrx_word' id='word_1_9' title='bbox 182 399 319 466; x_wconf 80' lang='grc' dir='ltr'><strong><em>ἑπιμελῶσ</em></strong></span> <span class='ocrx_word' id='word_1_10' title='bbox 342 401 387 452; x_wconf 79' lang='grc' dir='ltr'><strong><em>καὶ</em></strong></span> <span class='ocrx_word' id='word_1_11' title='bbox 410 398 472 452; x_wconf 87' lang='grc' dir='ltr'><strong><em>καθ’</em></strong></span> <span class='ocrx_word' id='word_1_12' title='bbox 490 399 604 452; x_wconf 89' lang='grc' dir='ltr'><strong><em>ἕκαστον</em></strong></span> <span class='ocrx_word' id='word_1_13' title='bbox 628 399 711 464; x_wconf 85' lang='grc' dir='ltr'><strong><em>μέροσ</em></strong></span> <span class='ocrx_word' id='word_1_14' title='bbox 734 397 922 463; x_wconf 80' lang='grc' dir='ltr'><strong><em>ἐπισκέψαιτο,</em></strong></span> <span class='ocrx_word' id='word_1_15' title='bbox 946 397 1055 463; x_wconf 86' lang='grc' dir='ltr'><strong><em>εὑρήσει</em></strong></span> <span class='ocrx_word' id='word_1_16' title='bbox 1078 398 1201 450; x_wconf 87' lang='grc' dir='ltr'><strong><em>συντελε-</em></strong></span> 
     </span>
     <span class='ocr_line' id='line_1_3' title="bbox 183 488 673 555; baseline -0.006 -13"><span class='ocrx_word' id='word_1_17' title='bbox 183 493 280 555; x_wconf 80' lang='grc' dir='ltr'><strong><em>σθῆναι</em></strong></span> <span class='ocrx_word' id='word_1_18' title='bbox 298 491 402 542; x_wconf 84' lang='grc' dir='ltr'><strong><em>πολλοθ</em></strong></span> <span class='ocrx_word' id='word_1_19' title='bbox 423 489 542 553; x_wconf 87' lang='grc' dir='ltr'><strong><em>δεόμενα</em></strong></span> <span class='ocrx_word' id='word_1_20' title='bbox 561 488 673 554; x_wconf 85' lang='grc' dir='ltr'><strong><em>χρόνον.</em></strong></span> 
     </span>
    </p>
   </div>
   <div class='ocr_carea' id='block_1_3' title="bbox 253 609 1295 678">
    <p class='ocr_par' dir='ltr' id='par_1_3' title="bbox 253 609 1295 678">
     <span class='ocr_line' id='line_1_4' title="bbox 253 609 1295 678; baseline -0.001 -14"><span class='ocrx_word' id='word_1_21' title='bbox 253 611 328 665; x_wconf 84' lang='lat' dir='ltr'>hunc</span> <span class='ocrx_word' id='word_1_22' title='bbox 350 612 444 665; x_wconf 87' lang='lat' dir='ltr'><strong>locum</strong></span> <span class='ocrx_word' id='word_1_23' title='bbox 468 611 505 666; x_wconf 79' lang='lat' dir='ltr'><strong><em>ad</em></strong></span> <span class='ocrx_word' id='word_1_24' title='bbox 529 609 683 664; x_wconf 76' lang='lat' dir='ltr'><strong>Caecilium</strong></span> <span class='ocrx_word' id='word_1_25' title='bbox 705 610 845 664; x_wconf 80' lang='lat' dir='ltr'>reducunt</span> <span class='ocrx_word' id='word_1_26' title='bbox 867 609 1031 663; x_wconf 71' lang='lat' dir='ltr'><strong><em>Emissis.</em></strong></span> <span class='ocrx_word' id='word_1_27' title='bbox 1055 618 1077 663; x_wconf 91' lang='lat'><strong><em>11</em></strong></span> <span class='ocrx_word' id='word_1_28' title='bbox 1100 628 1128 678; x_wconf 89' lang='lat' dir='ltr'><strong><em>p.</em></strong></span> <span class='ocrx_word' id='word_1_29' title='bbox 1147 614 1198 663; x_wconf 81' lang='lat'><strong><em>121</em></strong></span> <span class='ocrx_word' id='word_1_30' title='bbox 1290 619 1295 628; x_wconf 90' lang='lat'>&#39;</span> 
     </span>
    </p>
   </div>
   <div class='ocr_carea' id='block_1_4' title="bbox 182 699 716 770">
    <p class='ocr_par' dir='ltr' id='par_1_4' title="bbox 182 699 716 770">
     <span class='ocr_line' id='line_1_5' title="bbox 182 699 716 770; baseline -0.004 -15"><span class='ocrx_word' id='word_1_31' title='bbox 182 703 220 770; x_wconf 83' lang='lat' dir='ltr'><strong><em>(p.</em></strong></span> <span class='ocrx_word' id='word_1_32' title='bbox 241 706 301 768; x_wconf 75' lang='grc' dir='ltr'><strong><em>ιιι,</em></strong></span> <span class='ocrx_word' id='word_1_33' title='bbox 321 704 347 768; x_wconf 82' lang='lat'><strong><em>2)</em></strong></span> <span class='ocrx_word' id='word_1_34' title='bbox 366 703 395 754; x_wconf 81' lang='lat' dir='ltr'><strong><em>et</em></strong></span> <span class='ocrx_word' id='word_1_35' title='bbox 414 699 488 754; x_wconf 67' lang='lat' dir='ltr'><strong>osio</strong></span> <span class='ocrx_word' id='word_1_36' title='bbox 508 700 526 754; x_wconf 87' lang='lat' dir='ltr'><strong><em>l.</em></strong></span> <span class='ocrx_word' id='word_1_37' title='bbox 547 718 567 753; x_wconf 82' lang='lat' dir='ltr'><strong><em>s.</em></strong></span> <span class='ocrx_word' id='word_1_38' title='bbox 587 718 614 769; x_wconf 85' lang='lat' dir='ltr'><strong><em>p.</em></strong></span> <span class='ocrx_word' id='word_1_39' title='bbox 634 705 677 766; x_wconf 76' lang='grc' dir='ltr'><strong><em>ιι,</em></strong></span> <span class='ocrx_word' id='word_1_40' title='bbox 693 705 716 753; x_wconf 90' lang='lat'><strong><em>1.</em></strong></span> 
     </span>
    </p>
   </div>
   <div class='ocr_carea' id='block_1_5' title="bbox 140 889 1200 2301">
    <p class='ocr_par' dir='ltr' id='par_1_5' title="bbox 140 889 1200 2301">
     <span class='ocr_line' id='line_1_6' title="bbox 252 889 1200 963; baseline -0.007 -8"><span class='ocrx_word' id='word_1_41' title='bbox 252 889 320 955; x_wconf 74' lang='lat'><strong><em>122</em></strong></span> <span class='ocrx_word' id='word_1_42' title='bbox 344 897 464 950; x_wconf 72' lang='lat' dir='ltr'><strong>Pnonvs</strong></span> <span class='ocrx_word' id='word_1_43' title='bbox 487 895 555 949; x_wconf 91' lang='lat' dir='ltr'>bibl.</span> <span class='ocrx_word' id='word_1_44' title='bbox 580 897 641 949; x_wconf 84' lang='lat' dir='ltr'>cod.</span> <span class='ocrx_word' id='word_1_45' title='bbox 661 900 713 949; x_wconf 82' lang='grc'><strong><em>260</em></strong></span> <span class='ocrx_word' id='word_1_46' title='bbox 731 913 759 963; x_wconf 87' lang='lat' dir='ltr'><strong><em>p.</em></strong></span> <span class='ocrx_word' id='word_1_47' title='bbox 779 896 908 950; x_wconf 65' lang='lat'><strong><em>4871226:</em></strong></span> <span class='ocrx_word' id='word_1_48' title='bbox 935 903 1001 949; x_wconf 86' lang='grc' dir='ltr'><strong><em>τῶν</em></strong></span> <span class='ocrx_word' id='word_1_49' title='bbox 1028 895 1064 949; x_wconf 76' lang='grc' dir='ltr'><strong><em>δὲ</em></strong></span> <span class='ocrx_word' id='word_1_50' title='bbox 1092 891 1200 963; x_wconf 88' lang='grc' dir='ltr'><strong><em>λόγων</em></strong></span> 
     </span>
     <span class='ocr_line' id='line_1_7' title="bbox 183 982 1200 1053; baseline 0 -15"><span class='ocrx_word' id='word_1_51' title='bbox 183 986 287 1040; x_wconf 85' lang='grc' dir='ltr'><strong><em>αύτού</em></strong></span> <span class='ocrx_word' id='word_1_52' title='bbox 310 986 346 1040; x_wconf 87' lang='grc' dir='ltr'><strong><em>τό</em></strong></span> <span class='ocrx_word' id='word_1_53' title='bbox 371 984 527 1053; x_wconf 77' lang='grc' dir='ltr'><strong><em>εύιιρινὲς</em></strong></span> <span class='ocrx_word' id='word_1_54' title='bbox 549 985 607 1038; x_wconf 84' lang='grc' dir='ltr'><strong><em>καί</em></strong></span> <span class='ocrx_word' id='word_1_55' title='bbox 631 984 736 1053; x_wconf 76' lang='grc' dir='ltr'><strong><em>σαφὲς</em></strong></span> <span class='ocrx_word' id='word_1_56' title='bbox 754 985 812 1038; x_wconf 83' lang='grc' dir='ltr'><strong><em>καί</em></strong></span> <span class='ocrx_word' id='word_1_57' title='bbox 830 982 1099 1053; x_wconf 72' lang='grc' dir='ltr'><strong><em>μεμελετημένον</em></strong></span> <span class='ocrx_word' id='word_1_58' title='bbox 1117 991 1200 1038; x_wconf 87' lang='grc' dir='ltr'><strong><em>πᾶσι</em></strong></span> 
     </span>
     <span class='ocr_line' id='line_1_8' title="bbox 153 1070 1198 1143; baseline -0.006 -12"><span class='ocrx_word' id='word_1_59' title='bbox 153 1078 299 1143; x_wconf 79' lang='grc' dir='ltr'><strong><em>σδηλον,</em></strong></span> <span class='ocrx_word' id='word_1_60' title='bbox 322 1076 380 1128; x_wconf 83' lang='grc' dir='ltr'><strong><em>καί</em></strong></span> <span class='ocrx_word' id='word_1_61' title='bbox 403 1075 445 1137; x_wconf 88' lang='grc' dir='ltr'><strong><em>ὡς</em></strong></span> <span class='ocrx_word' id='word_1_62' title='bbox 463 1077 614 1130; x_wconf 75' lang='grc' dir='ltr'><strong><em>ἐπανθεῖ</em></strong></span> <span class='ocrx_word' id='word_1_63' title='bbox 630 1073 749 1135; x_wconf 89' lang='grc' dir='ltr'><strong><em>αύτοῖς</em></strong></span> <span class='ocrx_word' id='word_1_64' title='bbox 767 1074 804 1127; x_wconf 89' lang='grc' dir='ltr'><strong><em>ού</em></strong></span> <span class='ocrx_word' id='word_1_65' title='bbox 823 1070 929 1143; x_wconf 88' lang='grc' dir='ltr'><strong><em>μόνον</em></strong></span> <span class='ocrx_word' id='word_1_66' title='bbox 947 1073 1098 1142; x_wconf 82' lang='grc' dir='ltr'><strong><em>ἔμφυτον</em></strong></span> <span class='ocrx_word' id='word_1_67' title='bbox 1116 1072 1198 1126; x_wconf 83' lang='grc' dir='ltr'><strong><em>ἀλλὰ</em></strong></span> 
     </span>
     <span class='ocr_line' id='line_1_9' title="bbox 182 1161 1199 1233; baseline -0.001 -16"><span class='ocrx_word' id='word_1_68' title='bbox 182 1165 239 1218; x_wconf 83' lang='grc' dir='ltr'><strong><em>καί</em></strong></span> <span class='ocrx_word' id='word_1_69' title='bbox 262 1161 479 1233; x_wconf 85' lang='grc' dir='ltr'><strong><em>κομμωτικόν</em></strong></span> <span class='ocrx_word' id='word_1_70' title='bbox 502 1162 631 1225; x_wconf 83' lang='grc' dir='ltr'><strong><em>κάλλος.</em></strong></span> <span class='ocrx_word' id='word_1_71' title='bbox 669 1163 707 1217; x_wconf 87' lang='grc' dir='ltr'><strong><em>ού</em></strong></span> <span class='ocrx_word' id='word_1_72' title='bbox 733 1161 849 1230; x_wconf 76' lang='grc' dir='ltr'><strong><em>μέντοι</em></strong></span> <span class='ocrx_word' id='word_1_73' title='bbox 875 1182 909 1230; x_wconf 78' lang='grc' dir='ltr'><strong><em>γε</em></strong></span> <span class='ocrx_word' id='word_1_74' title='bbox 935 1161 1160 1231; x_wconf 85' lang='grc' dir='ltr'><strong><em>πολυσχήμων</em></strong></span> <span class='ocrx_word' id='word_1_75' title='bbox 1183 1161 1199 1216; x_wconf 86' lang='grc' dir='ltr'><strong><em>ὁ</em></strong></span> 
     </span>
     <span class='ocr_line' id='line_1_10' title="bbox 181 1248 1197 1322; baseline -0.003 -16"><span class='ocrx_word' id='word_1_76' title='bbox 181 1252 281 1321; x_wconf 76' lang='grc' dir='ltr'><strong><em>ἀνήρ,</em></strong></span> <span class='ocrx_word' id='word_1_77' title='bbox 300 1251 380 1309; x_wconf 77' lang='grc' dir='ltr'><strong><em>ούόὲ</em></strong></span> <span class='ocrx_word' id='word_1_78' title='bbox 398 1262 474 1314; x_wconf 83' lang='grc' dir='ltr'><strong><em>ταῖς</em></strong></span> <span class='ocrx_word' id='word_1_79' title='bbox 492 1251 578 1306; x_wconf 81' lang='grc' dir='ltr'><strong><em>κατὰ</em></strong></span> <span class='ocrx_word' id='word_1_80' title='bbox 591 1253 627 1306; x_wconf 88' lang='grc' dir='ltr'><strong><em>τὸ</em></strong></span> <span class='ocrx_word' id='word_1_81' title='bbox 643 1259 750 1322; x_wconf 84' lang='grc' dir='ltr'><strong><em>σχῆμα</em></strong></span> <span class='ocrx_word' id='word_1_82' title='bbox 762 1259 908 1318; x_wconf 82' lang='grc' dir='ltr'><strong><em>τροπαῖς</em></strong></span> <span class='ocrx_word' id='word_1_83' title='bbox 921 1248 1197 1320; x_wconf 81' lang='grc' dir='ltr'><strong><em>ποικιλλόμενος’</em></strong></span> 
     </span>
     <span class='ocr_line' id='line_1_11' title="bbox 182 1335 1198 1409; baseline -0.002 -13"><span class='ocrx_word' id='word_1_84' title='bbox 182 1341 235 1396; x_wconf 74' lang='grc' dir='ltr'><strong><em>διὸ</em></strong></span> <span class='ocrx_word' id='word_1_85' title='bbox 254 1343 313 1396; x_wconf 84' lang='grc' dir='ltr'><strong><em>καί</em></strong></span> <span class='ocrx_word' id='word_1_86' title='bbox 332 1339 374 1397; x_wconf 79' lang='grc' dir='ltr'><strong><em>δι’</em></strong></span> <span class='ocrx_word' id='word_1_87' title='bbox 397 1341 537 1396; x_wconf 74' lang='grc' dir='ltr'><strong><em>ἔνδειαν</em></strong></span> <span class='ocrx_word' id='word_1_88' title='bbox 559 1347 618 1408; x_wconf 81' lang='grc' dir='ltr'><strong><em>τῆς</em></strong></span> <span class='ocrx_word' id='word_1_89' title='bbox 636 1342 671 1394; x_wconf 81' lang='grc' dir='ltr'><strong><em>ἐν</em></strong></span> <span class='ocrx_word' id='word_1_90' title='bbox 689 1339 826 1401; x_wconf 79' lang='grc' dir='ltr'><strong><em>τούτοις</em></strong></span> <span class='ocrx_word' id='word_1_91' title='bbox 844 1340 1032 1409; x_wconf 75' lang='grc' dir='ltr'><strong><em>μεταβολῆς</em></strong></span> <span class='ocrx_word' id='word_1_92' title='bbox 1051 1335 1124 1393; x_wconf 81' lang='grc' dir='ltr'><strong><em>οὐδ’</em></strong></span> <span class='ocrx_word' id='word_1_93' title='bbox 1145 1340 1198 1394; x_wconf 78' lang='grc' dir='ltr'><strong><em>ἐν·</em></strong></span> 
     </span>
     <span class='ocr_line' id='line_1_12' title="bbox 182 1424 1199 1499; baseline -0.002 -15"><span class='ocrx_word' id='word_1_94' title='bbox 182 1432 336 1499; x_wconf 84' lang='grc' dir='ltr'><strong><em>αγώνιος.</em></strong></span> <span class='ocrx_word' id='word_1_95' title='bbox 372 1427 586 1498; x_wconf 83' lang='grc' dir='ltr'><strong><em>Ἰσοκρατιιιὴ</em></strong></span> <span class='ocrx_word' id='word_1_96' title='bbox 610 1429 645 1484; x_wconf 77' lang='grc' dir='ltr'><strong><em>δὲ</em></strong></span> <span class='ocrx_word' id='word_1_97' title='bbox 669 1430 727 1482; x_wconf 84' lang='grc' dir='ltr'><strong><em>καί</em></strong></span> <span class='ocrx_word' id='word_1_98' title='bbox 749 1437 814 1483; x_wconf 86' lang='grc' dir='ltr'><strong><em>τῶν</em></strong></span> <span class='ocrx_word' id='word_1_99' title='bbox 838 1427 873 1482; x_wconf 77' lang='grc' dir='ltr'><strong><em>ἐν</em></strong></span> <span class='ocrx_word' id='word_1_100' title='bbox 891 1436 964 1489; x_wconf 87' lang='grc' dir='ltr'><strong><em>τοῖς</em></strong></span> <span class='ocrx_word' id='word_1_101' title='bbox 982 1424 1098 1497; x_wconf 77' lang='grc' dir='ltr'><strong><em>λόγοις</em></strong></span> <span class='ocrx_word' id='word_1_102' title='bbox 1116 1429 1199 1482; x_wconf 79' lang='grc' dir='ltr'><strong><em>ύπο-</em></strong></span> 
     </span>
     <span class='ocr_line' id='line_1_13' title="bbox 141 1513 1198 1589; baseline -0.007 -13"><span class='ocrx_word' id='word_1_103' title='bbox 141 1537 167 1576; x_wconf 86' lang='grc'>16</span> <span class='ocrx_word' id='word_1_104' title='bbox 182 1518 329 1574; x_wconf 80' lang='grc' dir='ltr'><strong><em>στοίσεων</em></strong></span> <span class='ocrx_word' id='word_1_105' title='bbox 347 1519 365 1589; x_wconf 84' lang='grc' dir='ltr'>ἠ</span> <span class='ocrx_word' id='word_1_106' title='bbox 385 1518 550 1589; x_wconf 76' lang='grc' dir='ltr'><strong><em>συνέχεια.</em></strong></span> <span class='ocrx_word' id='word_1_107' title='bbox 579 1517 650 1588; x_wconf 79' lang='grc' dir='ltr'><strong><em>τάχα</em></strong></span> <span class='ocrx_word' id='word_1_108' title='bbox 669 1515 696 1571; x_wconf 80' lang='grc' dir='ltr'><strong><em>δ’</em></strong></span> <span class='ocrx_word' id='word_1_109' title='bbox 715 1517 752 1572; x_wconf 81' lang='grc' dir='ltr'><strong><em>όν</em></strong></span> <span class='ocrx_word' id='word_1_110' title='bbox 770 1537 821 1578; x_wconf 89' lang='grc' dir='ltr'><strong><em>τις</em></strong></span> <span class='ocrx_word' id='word_1_111' title='bbox 839 1513 926 1571; x_wconf 79' lang='grc' dir='ltr'><strong><em>αὐτόν</em></strong></span> <span class='ocrx_word' id='word_1_112' title='bbox 946 1515 1102 1571; x_wconf 87' lang='grc' dir='ltr'><strong><em>αίτισίσαιτο</em></strong></span> <span class='ocrx_word' id='word_1_113' title='bbox 1122 1520 1198 1570; x_wconf 89' lang='grc' dir='ltr'><strong><em>κλο-</em></strong></span> 
     </span>
     <span class='ocr_line' id='line_1_14' title="bbox 180 1603 1198 1682; baseline -0.001 -21"><span class='ocrx_word' id='word_1_114' title='bbox 180 1614 256 1676; x_wconf 80' lang='grc' dir='ltr'><strong><em>πῆς,</em></strong></span> <span class='ocrx_word' id='word_1_115' title='bbox 283 1608 315 1674; x_wconf 78' lang='grc' dir='ltr'><strong><em>ἐξ</em></strong></span> <span class='ocrx_word' id='word_1_116' title='bbox 340 1603 383 1662; x_wconf 88' lang='grc' dir='ltr'><strong><em>ὧν</em></strong></span> <span class='ocrx_word' id='word_1_117' title='bbox 407 1610 442 1662; x_wconf 81' lang='grc' dir='ltr'><strong><em>ἐν</em></strong></span> <span class='ocrx_word' id='word_1_118' title='bbox 464 1611 503 1680; x_wconf 75' lang='grc' dir='ltr'><strong><em>τᾷ</em></strong></span> <span class='ocrx_word' id='word_1_119' title='bbox 531 1611 753 1682; x_wconf 73' lang='grc' dir='ltr'><strong><em>πανηγυρικῷ</em></strong></span> <span class='ocrx_word' id='word_1_120' title='bbox 777 1604 861 1678; x_wconf 81' lang='grc' dir='ltr'><strong><em>λόγῳ</em></strong></span> <span class='ocrx_word' id='word_1_121' title='bbox 886 1606 990 1659; x_wconf 84' lang='grc' dir='ltr'><strong><em>αύτού</em></strong></span> <span class='ocrx_word' id='word_1_122' title='bbox 1010 1604 1115 1659; x_wconf 83' lang='grc' dir='ltr'><strong><em>πολλὰ</em></strong></span> <span class='ocrx_word' id='word_1_123' title='bbox 1133 1613 1198 1660; x_wconf 88' lang='grc' dir='ltr'><strong><em>τῶν</em></strong></span> 
     </span>
     <span class='ocr_line' id='line_1_15' title="bbox 180 1691 1196 1765; baseline -0.003 -15"><span class='ocrx_word' id='word_1_124' title='bbox 180 1697 265 1751; x_wconf 82' lang='grc' dir='ltr'><strong><em>κατὰ</em></strong></span> <span class='ocrx_word' id='word_1_125' title='bbox 292 1700 371 1759; x_wconf 86' lang='grc' dir='ltr'><strong><em>τούς</em></strong></span> <span class='ocrx_word' id='word_1_126' title='bbox 399 1695 604 1765; x_wconf 78' lang='grc' dir='ltr'><strong><em>ἐπιταφίους</em></strong></span> <span class='ocrx_word' id='word_1_127' title='bbox 632 1694 753 1765; x_wconf 89' lang='grc' dir='ltr'><strong><em>λόγους</em></strong></span> <span class='ocrx_word' id='word_1_128' title='bbox 785 1694 974 1764; x_wconf 76' lang='grc' dir='ltr'><strong><em>εἰρημένων</em></strong></span> <span class='ocrx_word' id='word_1_129' title='bbox 1006 1691 1135 1765; x_wconf 79' lang='grc' dir='ltr'><strong><em>Ἀρχίνῳ</em></strong></span> <span class='ocrx_word' id='word_1_130' title='bbox 1162 1714 1196 1748; x_wconf 85' lang='grc' dir='ltr'><strong><em>τε</em></strong></span> 
     </span>
     <span class='ocr_line' id='line_1_16' title="bbox 180 1780 1195 1859; baseline -0.004 -20"><span class='ocrx_word' id='word_1_131' title='bbox 180 1784 247 1856; x_wconf 76' lang='grc' dir='ltr'><strong><em>(ΟΛ</em></strong></span> <span class='ocrx_word' id='word_1_132' title='bbox 264 1787 367 1840; x_wconf 73' lang='lat'><strong><em>1111361·</em></strong></span> <span class='ocrx_word' id='word_1_133' title='bbox 386 1786 462 1854; x_wconf 84' lang='lat' dir='ltr'>Tur.)</span> <span class='ocrx_word' id='word_1_134' title='bbox 486 1787 543 1839; x_wconf 81' lang='grc' dir='ltr'><strong><em>καὶ</em></strong></span> <span class='ocrx_word' id='word_1_135' title='bbox 565 1783 763 1856; x_wconf 79' lang='grc' dir='ltr'><strong><em>Θουκυδίδῃ</em></strong></span> <span class='ocrx_word' id='word_1_136' title='bbox 787 1785 845 1838; x_wconf 84' lang='grc' dir='ltr'><strong><em>καί</em></strong></span> <span class='ocrx_word' id='word_1_137' title='bbox 868 1782 976 1859; x_wconf 77' lang='grc' dir='ltr'><strong><em>Λυσίᾳ</em></strong></span> <span class='ocrx_word' id='word_1_138' title='bbox 999 1780 1195 1854; x_wconf 76' lang='grc' dir='ltr'><strong><em>ὑποβόλετο.</em></strong></span> 
     </span>
     <span class='ocr_line' id='line_1_17' title="bbox 216 1870 1198 1942; baseline -0.003 -15"><span class='ocrx_word' id='word_1_139' title='bbox 216 1872 275 1927; x_wconf 80' lang='grc' dir='ltr'><strong><em>ἀλλ’</em></strong></span> <span class='ocrx_word' id='word_1_140' title='bbox 305 1874 390 1930; x_wconf 74' lang='grc' dir='ltr'><strong><em>οὐδὲν</em></strong></span> <span class='ocrx_word' id='word_1_141' title='bbox 418 1875 518 1929; x_wconf 84' lang='grc' dir='ltr'><strong><em>κωλύει</em></strong></span> <span class='ocrx_word' id='word_1_142' title='bbox 544 1872 745 1942; x_wconf 88' lang='grc' dir='ltr'><strong><em>παραπλησίων</em></strong></span> <span class='ocrx_word' id='word_1_143' title='bbox 775 1870 997 1928; x_wconf 79' lang='grc' dir='ltr'><strong><em>ἀνακυπτόντων</em></strong></span> <span class='ocrx_word' id='word_1_144' title='bbox 1027 1870 1198 1941; x_wconf 81' lang='grc' dir='ltr'><strong><em>πραγμάτων</em></strong></span> 
     </span>
     <span class='ocr_line' id='line_1_18' title="bbox 140 1961 1198 2034; baseline -0.007 -13"><span class='ocrx_word' id='word_1_145' title='bbox 140 1980 165 2021; x_wconf 87' lang='grc'>16</span> <span class='ocrx_word' id='word_1_146' title='bbox 214 1973 276 2026; x_wconf 80' lang='grc' dir='ltr'><strong><em>ταῖς</em></strong></span> <span class='ocrx_word' id='word_1_147' title='bbox 299 1962 410 2033; x_wconf 86' lang='grc' dir='ltr'><strong><em>ὁμοίαις</em></strong></span> <span class='ocrx_word' id='word_1_148' title='bbox 433 1961 604 2032; x_wconf 75' lang='grc' dir='ltr'><strong><em>ἐξεργασίαις</em></strong></span> <span class='ocrx_word' id='word_1_149' title='bbox 626 1966 783 2032; x_wconf 77' lang='grc' dir='ltr'><strong><em>κεχρῆσθαι</em></strong></span> <span class='ocrx_word' id='word_1_150' title='bbox 805 1963 854 2015; x_wconf 84' lang='grc' dir='ltr'><strong><em>καί</em></strong></span> <span class='ocrx_word' id='word_1_151' title='bbox 876 1971 935 2025; x_wconf 86' lang='grc' dir='ltr'><strong><em>τοϊς</em></strong></span> <span class='ocrx_word' id='word_1_152' title='bbox 954 1961 1093 2034; x_wconf 73' lang='grc' dir='ltr'><strong><em>(αὐτοῖς)</em></strong></span> <span class='ocrx_word' id='word_1_153' title='bbox 1112 1961 1198 2015; x_wconf 74' lang='grc' dir='ltr'><strong><em>ἐνθυ-</em></strong></span> 
     </span>
     <span class='ocr_line' id='line_1_19' title="bbox 215 2048 1198 2122; baseline -0.003 -15"><span class='ocrx_word' id='word_1_154' title='bbox 215 2052 350 2122; x_wconf 82' lang='grc' dir='ltr'><strong><em>μήμασιν,</em></strong></span> <span class='ocrx_word' id='word_1_155' title='bbox 382 2053 433 2122; x_wconf 79' lang='grc' dir='ltr'><strong><em>οὐχ</em></strong></span> <span class='ocrx_word' id='word_1_156' title='bbox 465 2048 691 2122; x_wconf 77' lang='grc' dir='ltr'><strong><em>ὑποβαλλόμενον</em></strong></span> <span class='ocrx_word' id='word_1_157' title='bbox 722 2051 757 2104; x_wconf 89' lang='grc' dir='ltr'><strong><em>τόι</em></strong></span> <span class='ocrx_word' id='word_1_158' title='bbox 790 2049 933 2118; x_wconf 86' lang='grc' dir='ltr'><strong><em>ἀλλότρια,</em></strong></span> <span class='ocrx_word' id='word_1_159' title='bbox 966 2051 1034 2104; x_wconf 78' lang='grc' dir='ltr'><strong><em>ἀλλὰ</em></strong></span> <span class='ocrx_word' id='word_1_160' title='bbox 1066 2059 1115 2119; x_wconf 81' lang='grc' dir='ltr'><strong><em>τῆς</em></strong></span> <span class='ocrx_word' id='word_1_161' title='bbox 1141 2057 1198 2104; x_wconf 85' lang='grc' dir='ltr'><strong><em>τῶν</em></strong></span> 
     </span>
     <span class='ocr_line' id='line_1_20' title="bbox 214 2135 1198 2211; baseline -0.004 -16"><span class='ocrx_word' id='word_1_162' title='bbox 214 2141 386 2211; x_wconf 79' lang='grc' dir='ltr'><strong><em>πραγμάτων</em></strong></span> <span class='ocrx_word' id='word_1_163' title='bbox 415 2141 679 2211; x_wconf 76' lang='grc' dir='ltr'><strong><em>ἀναβλαστανούσης</em></strong></span> <span class='ocrx_word' id='word_1_164' title='bbox 706 2139 816 2208; x_wconf 78' lang='grc' dir='ltr'><strong><em>φύσεως</em></strong></span> <span class='ocrx_word' id='word_1_165' title='bbox 842 2147 960 2194; x_wconf 83' lang='grc' dir='ltr'><strong><em>τοιαῦτα</em></strong></span> <span class='ocrx_word' id='word_1_166' title='bbox 988 2135 1036 2194; x_wconf 85' lang='grc' dir='ltr'><strong><em>σία</em></strong></span> <span class='ocrx_word' id='word_1_167' title='bbox 1063 2139 1112 2192; x_wconf 83' lang='grc' dir='ltr'><strong><em>καί</em></strong></span> <span class='ocrx_word' id='word_1_168' title='bbox 1138 2147 1198 2201; x_wconf 81' lang='grc' dir='ltr'><strong><em>τοῖς</em></strong></span> 
     </span>
     <span class='ocr_line' id='line_1_21' title="bbox 215 2226 832 2301; baseline -0.003 -17"><span class='ocrx_word' id='word_1_169' title='bbox 215 2232 386 2301; x_wconf 86' lang='grc' dir='ltr'><strong><em>προλαβοῦσι</em></strong></span> <span class='ocrx_word' id='word_1_170' title='bbox 403 2227 614 2299; x_wconf 78' lang='grc' dir='ltr'><strong><em>προβαλλομένη</em></strong></span> <span class='ocrx_word' id='word_1_171' title='bbox 634 2226 832 2282; x_wconf 77' lang='grc' dir='ltr'><strong><em>ἐπιδείκνυται.</em></strong></span> 
     </span>
    </p>
   </div>
   <div class='ocr_carea' id='block_1_6' title="bbox 177 2351 1197 2763">
    <p class='ocr_par' dir='ltr' id='par_1_6' title="bbox 177 2351 1197 2763">
     <span class='ocr_line' id='line_1_22' title="bbox 250 2351 1197 2422; baseline -0.003 -15"><span class='ocrx_word' id='word_1_172' title='bbox 250 2360 267 2406; x_wconf 83' lang='grc'>4</span> <span class='ocrx_word' id='word_1_173' title='bbox 285 2353 352 2407; x_wconf 80' lang='lat' dir='ltr'><strong>uide</strong></span> <span class='ocrx_word' id='word_1_174' title='bbox 371 2353 403 2406; x_wconf 84' lang='lat' dir='ltr'><strong><em>fr.</em></strong></span> <span class='ocrx_word' id='word_1_175' title='bbox 425 2363 544 2422; x_wconf 81' lang='lat' dir='ltr'><strong>sequens</strong></span> <span class='ocrx_word' id='word_1_176' title='bbox 562 2371 589 2422; x_wconf 87' lang='lat' dir='ltr'><strong><em>p.</em></strong></span> <span class='ocrx_word' id='word_1_177' title='bbox 607 2358 666 2419; x_wconf 86' lang='grc'>106,</span> <span class='ocrx_word' id='word_1_178' title='bbox 682 2359 724 2406; x_wconf 83' lang='lat'><strong><em>24.</em></strong></span> <span class='ocrx_word' id='word_1_179' title='bbox 799 2357 902 2407; x_wconf 85' lang='lat'>10-13</span> <span class='ocrx_word' id='word_1_180' title='bbox 923 2352 957 2406; x_wconf 87' lang='lat' dir='ltr'><strong><em>cf.</em></strong></span> <span class='ocrx_word' id='word_1_181' title='bbox 977 2352 1011 2408; x_wconf 81' lang='lat' dir='ltr'><strong><em>fr.</em></strong></span> <span class='ocrx_word' id='word_1_182' title='bbox 1026 2351 1197 2422; x_wconf 75' lang='lat' dir='ltr'><strong>praecedens</strong></span> 
     </span>
     <span class='ocr_line' id='line_1_23' title="bbox 180 2441 1194 2511; baseline -0.002 -16"><span class='ocrx_word' id='word_1_183' title='bbox 180 2448 284 2496; x_wconf 89' lang='grc'>14-16</span> <span class='ocrx_word' id='word_1_184' title='bbox 304 2445 332 2497; x_wconf 76' lang='lat' dir='ltr'><strong><em>et</em></strong></span> <span class='ocrx_word' id='word_1_185' title='bbox 350 2443 383 2496; x_wconf 83' lang='lat' dir='ltr'><strong><em>fr.</em></strong></span> <span class='ocrx_word' id='word_1_186' title='bbox 405 2448 455 2496; x_wconf 92' lang='grc'>166</span> <span class='ocrx_word' id='word_1_187' title='bbox 474 2461 501 2511; x_wconf 92' lang='lat' dir='ltr'><strong><em>p.</em></strong></span> <span class='ocrx_word' id='word_1_188' title='bbox 522 2447 582 2509; x_wconf 76' lang='lat'>204,</span> <span class='ocrx_word' id='word_1_189' title='bbox 603 2448 673 2508; x_wconf 78' lang='lat' dir='ltr'><strong>21s3</strong></span> <span class='ocrx_word' id='word_1_190' title='bbox 692 2441 828 2511; x_wconf 74' lang='lat' dir='ltr'><strong>inspicias</strong></span> <span class='ocrx_word' id='word_1_191' title='bbox 847 2442 935 2495; x_wconf 73' lang='lat' dir='ltr'><strong>etiam</strong></span> <span class='ocrx_word' id='word_1_192' title='bbox 954 2441 1018 2496; x_wconf 76' lang='lat' dir='ltr'>adn.</span> <span class='ocrx_word' id='word_1_193' title='bbox 1039 2442 1075 2496; x_wconf 77' lang='lat' dir='ltr'><strong><em>ad</em></strong></span> <span class='ocrx_word' id='word_1_194' title='bbox 1094 2442 1127 2495; x_wconf 83' lang='lat' dir='ltr'><strong><em>fr.</em></strong></span> <span class='ocrx_word' id='word_1_195' title='bbox 1147 2446 1194 2508; x_wconf 79' lang='lat'><strong><em>893</em></strong></span> 
     </span>
     <span class='ocr_line' id='line_1_24' title="bbox 178 2529 1195 2602; baseline -0.001 -17"><span class='ocrx_word' id='word_1_196' title='bbox 178 2548 266 2600; x_wconf 79' lang='lat' dir='ltr'>quare</span> <span class='ocrx_word' id='word_1_197' title='bbox 283 2537 386 2585; x_wconf 87' lang='lat'>10—18</span> <span class='ocrx_word' id='word_1_198' title='bbox 404 2532 538 2585; x_wconf 74' lang='lat' dir='ltr'><strong>Photium</strong></span> <span class='ocrx_word' id='word_1_199' title='bbox 552 2532 587 2584; x_wconf 86' lang='lat' dir='ltr'><strong><em>de</em></strong></span> <span class='ocrx_word' id='word_1_200' title='bbox 602 2529 723 2584; x_wconf 75' lang='lat' dir='ltr'><strong>Caecilio</strong></span> <span class='ocrx_word' id='word_1_201' title='bbox 738 2529 800 2602; x_wconf 86' lang='grc' dir='ltr'><strong><em>(τίς)</em></strong></span> <span class='ocrx_word' id='word_1_202' title='bbox 818 2530 897 2598; x_wconf 90' lang='lat' dir='ltr'><strong>loqui</strong></span> <span class='ocrx_word' id='word_1_203' title='bbox 916 2531 1071 2585; x_wconf 76' lang='lat' dir='ltr'><strong>statuerim.</strong></span> <span class='ocrx_word' id='word_1_204' title='bbox 1145 2536 1195 2584; x_wconf 84' lang='grc'><strong><em>3-</em></strong></span> 
     </span>
     <span class='ocr_line' id='line_1_25' title="bbox 180 2608 1197 2690; baseline -0.001 -17"><span class='ocrx_word' id='word_1_205' title='bbox 180 2626 213 2674; x_wconf 95' lang='grc'>10</span> <span class='ocrx_word' id='word_1_206' title='bbox 233 2620 334 2674; x_wconf 71' lang='lat' dir='ltr'><strong><em>Smin</em></strong></span> <span class='ocrx_word' id='word_1_207' title='bbox 353 2620 371 2675; x_wconf 92' lang='lat' dir='ltr'><strong><em>l.</em></strong></span> <span class='ocrx_word' id='word_1_208' title='bbox 392 2639 414 2675; x_wconf 86' lang='grc' dir='ltr'><strong><em>α.</em></strong></span> <span class='ocrx_word' id='word_1_209' title='bbox 434 2639 460 2690; x_wconf 89' lang='lat' dir='ltr'><strong><em>p.</em></strong></span> <span class='ocrx_word' id='word_1_210' title='bbox 478 2626 547 2674; x_wconf 85' lang='grc'>1664</span> <span class='ocrx_word' id='word_1_211' title='bbox 566 2625 595 2674; x_wconf 78' lang='lat' dir='ltr'><strong><em>et</em></strong></span> <span class='ocrx_word' id='word_1_212' title='bbox 613 2608 739 2673; x_wconf 71' lang='lat' dir='ltr'><strong>Bizosxs</strong></span> <span class='ocrx_word' id='word_1_213' title='bbox 758 2619 776 2674; x_wconf 91' lang='lat' dir='ltr'><strong><em>l.</em></strong></span> <span class='ocrx_word' id='word_1_214' title='bbox 797 2638 817 2673; x_wconf 94' lang='lat' dir='ltr'><strong><em>s.</em></strong></span> <span class='ocrx_word' id='word_1_215' title='bbox 836 2638 863 2689; x_wconf 92' lang='lat' dir='ltr'><strong><em>p.</em></strong></span> <span class='ocrx_word' id='word_1_216' title='bbox 881 2625 948 2673; x_wconf 88' lang='grc'>1183</span> <span class='ocrx_word' id='word_1_217' title='bbox 969 2618 1091 2675; x_wconf 75' lang='lat' dir='ltr'><strong>Caecilio</strong></span> <span class='ocrx_word' id='word_1_218' title='bbox 1116 2620 1197 2673; x_wconf 77' lang='lat' dir='ltr'><strong>attri-</strong></span> 
     </span>
     <span class='ocr_line' id='line_1_26' title="bbox 177 2710 307 2763; baseline 0 0"><span class='ocrx_word' id='word_1_219' title='bbox 177 2710 307 2763; x_wconf 79' lang='lat' dir='ltr'>buerunt.</span> 
     </span>
    </p>
   </div>
   <div class='ocr_carea' id='block_1_7' title="bbox 99 2896 1197 3418">
    <p class='ocr_par' dir='ltr' id='par_1_7' title="bbox 248 2896 1194 2974">
     <span class='ocr_line' id='line_1_27' title="bbox 248 2896 1194 2974; baseline 0 -16"><span class='ocrx_word' id='word_1_220' title='bbox 248 2896 317 2964; x_wconf 79' lang='grc'>123</span> <span class='ocrx_word' id='word_1_221' title='bbox 339 2905 459 2959; x_wconf 75' lang='grc' dir='ltr'><strong><em>Ριιονινε</em></strong></span> <span class='ocrx_word' id='word_1_222' title='bbox 478 2904 546 2959; x_wconf 92' lang='lat' dir='ltr'><strong>bibl.</strong></span> <span class='ocrx_word' id='word_1_223' title='bbox 567 2906 628 2959; x_wconf 82' lang='lat' dir='ltr'>cod.</span> <span class='ocrx_word' id='word_1_224' title='bbox 648 2911 699 2958; x_wconf 82' lang='lat'><strong><em>159</em></strong></span> <span class='ocrx_word' id='word_1_225' title='bbox 718 2923 745 2974; x_wconf 89' lang='lat' dir='ltr'><strong><em>p.</em></strong></span> <span class='ocrx_word' id='word_1_226' title='bbox 767 2909 831 2958; x_wconf 82' lang='grc'>102·</span> <span class='ocrx_word' id='word_1_227' title='bbox 849 2910 896 2958; x_wconf 79' lang='lat'><strong><em>42:</em></strong></span> <span class='ocrx_word' id='word_1_228' title='bbox 923 2906 1007 2959; x_wconf 83' lang='grc' dir='ltr'><strong><em>οὓτοσ</em></strong></span> <span class='ocrx_word' id='word_1_229' title='bbox 1030 2907 1080 2972; x_wconf 83' lang='grc' dir='ltr'><strong><em>μὲν</em></strong></span> <span class='ocrx_word' id='word_1_230' title='bbox 1104 2906 1154 2959; x_wconf 84' lang='grc' dir='ltr'><strong><em>οὖν</em></strong></span> <span class='ocrx_word' id='word_1_231' title='bbox 1179 2907 1194 2958; x_wconf 87' lang='grc' dir='ltr'>ὁ</span> 
     </span>
    </p>

    <p class='ocr_par' dir='ltr' id='par_1_8' title="bbox 99 2993 1197 3418">
     <span class='ocr_line' id='line_1_28' title="bbox 99 2993 1196 3064; baseline -0.001 -16"><span class='ocrx_word' id='word_1_232' title='bbox 99 2996 164 3049; x_wconf 56' lang='grc'>1021</span> <span class='ocrx_word' id='word_1_233' title='bbox 179 2996 275 3062; x_wconf 82' lang='grc' dir='ltr'><strong><em>ῥήτωρ</em></strong></span> <span class='ocrx_word' id='word_1_234' title='bbox 294 2996 464 3063; x_wconf 87' lang='grc' dir='ltr'><strong><em>σοφιστεύειν</em></strong></span> <span class='ocrx_word' id='word_1_235' title='bbox 484 2998 587 3062; x_wconf 81' lang='grc' dir='ltr'><strong><em>μᾶλλον</em></strong></span> <span class='ocrx_word' id='word_1_236' title='bbox 606 2999 623 3062; x_wconf 82' lang='grc' dir='ltr'>ἢ</span> <span class='ocrx_word' id='word_1_237' title='bbox 643 3000 702 3048; x_wconf 84' lang='grc' dir='ltr'><strong><em>τῶν</em></strong></span> <span class='ocrx_word' id='word_1_238' title='bbox 718 2995 722 3064; x_wconf 85' lang='grc' dir='ltr'>Ι</span> <span class='ocrx_word' id='word_1_239' title='bbox 739 3000 840 3048; x_wconf 82' lang='grc' dir='ltr'><strong><em>κοινῶν</em></strong></span> <span class='ocrx_word' id='word_1_240' title='bbox 858 3000 1034 3062; x_wconf 72' lang='grc' dir='ltr'><strong><em>προστατεῖν,</em></strong></span> <span class='ocrx_word' id='word_1_241' title='bbox 1059 2996 1151 3060; x_wconf 86' lang='grc' dir='ltr'><strong><em>ὥσπερ</em></strong></span> <span class='ocrx_word' id='word_1_242' title='bbox 1170 2993 1196 3047; x_wconf 87' lang='grc' dir='ltr'><strong><em>ολ</em></strong></span> 
     </span>
     <span class='ocr_line' id='line_1_29' title="bbox 138 3084 1196 3151; baseline -0.003 -12"><span class='ocrx_word' id='word_1_243' title='bbox 138 3100 163 3139; x_wconf 77' lang='lat'><strong><em>21</em></strong></span> <span class='ocrx_word' id='word_1_244' title='bbox 178 3087 255 3138; x_wconf 86' lang='grc' dir='ltr'><strong><em>ἄλλοι</em></strong></span> <span class='ocrx_word' id='word_1_245' title='bbox 274 3085 355 3138; x_wconf 82' lang='grc' dir='ltr'><strong><em>ἐννέα</em></strong></span> <span class='ocrx_word' id='word_1_246' title='bbox 374 3084 504 3151; x_wconf 78' lang='grc' dir='ltr'><strong><em>βήτορεσ,</em></strong></span> <span class='ocrx_word' id='word_1_247' title='bbox 524 3084 565 3136; x_wconf 82' lang='grc' dir='ltr'><strong><em>ὡν</em></strong></span> <span class='ocrx_word' id='word_1_248' title='bbox 584 3087 628 3137; x_wconf 83' lang='grc' dir='ltr'><strong><em>καὶ</em></strong></span> <span class='ocrx_word' id='word_1_249' title='bbox 647 3085 829 3150; x_wconf 87' lang='grc' dir='ltr'><strong><em>Δημοσθένησ</em></strong></span> <span class='ocrx_word' id='word_1_250' title='bbox 847 3085 895 3150; x_wconf 86' lang='grc' dir='ltr'><strong><em>ῆν,</em></strong></span> <span class='ocrx_word' id='word_1_251' title='bbox 916 3084 1016 3150; x_wconf 78' lang='grc' dir='ltr'><strong><em>εἵλετο,</em></strong></span> <span class='ocrx_word' id='word_1_252' title='bbox 1043 3084 1132 3137; x_wconf 78' lang='grc' dir='ltr'><strong><em>καίτοι</em></strong></span> <span class='ocrx_word' id='word_1_253' title='bbox 1151 3085 1196 3136; x_wconf 84' lang='grc' dir='ltr'>καί</span> 
     </span>
     <span class='ocr_line' id='line_1_30' title="bbox 178 3172 1197 3241; baseline -0.001 -15"><span class='ocrx_word' id='word_1_254' title='bbox 178 3175 233 3241; x_wconf 85' lang='grc' dir='ltr'><strong><em>πρὸ</em></strong></span> <span class='ocrx_word' id='word_1_255' title='bbox 258 3173 372 3226; x_wconf 83' lang='grc' dir='ltr'><strong><em>ἐκείνων</em></strong></span> <span class='ocrx_word' id='word_1_256' title='bbox 395 3179 454 3226; x_wconf 85' lang='grc' dir='ltr'><strong><em>τοῑσ</em></strong></span> <span class='ocrx_word' id='word_1_257' title='bbox 471 3177 523 3239; x_wconf 84' lang='grc' dir='ltr'><strong><em>τήσ</em></strong></span> <span class='ocrx_word' id='word_1_258' title='bbox 542 3175 691 3239; x_wconf 85' lang='grc' dir='ltr'><strong><em>ῥητορικῆσ</em></strong></span> <span class='ocrx_word' id='word_1_259' title='bbox 709 3174 841 3238; x_wconf 83' lang='grc' dir='ltr'><strong><em>ἀκμάζων</em></strong></span> <span class='ocrx_word' id='word_1_260' title='bbox 859 3173 963 3240; x_wconf 83' lang='grc' dir='ltr'><strong><em>λόγοισ,</em></strong></span> <span class='ocrx_word' id='word_1_261' title='bbox 988 3175 1032 3226; x_wconf 80' lang='grc' dir='ltr'><strong><em>καὶ</em></strong></span> <span class='ocrx_word' id='word_1_262' title='bbox 1051 3172 1112 3225; x_wconf 88' lang='grc' dir='ltr'><strong><em>κατ’</em></strong></span> <span class='ocrx_word' id='word_1_263' title='bbox 1130 3173 1197 3226; x_wconf 80' lang='grc' dir='ltr'><strong><em>ἐκεί-</em></strong></span> 
     </span>
     <span class='ocr_line' id='line_1_31' title="bbox 177 3262 1195 3328; baseline -0.002 -13"><span class='ocrx_word' id='word_1_264' title='bbox 177 3278 245 3315; x_wconf 88' lang='grc' dir='ltr'><strong><em>νουσ</em></strong></span> <span class='ocrx_word' id='word_1_265' title='bbox 266 3264 319 3327; x_wconf 85' lang='grc' dir='ltr'><strong><em>τὴν</em></strong></span> <span class='ocrx_word' id='word_1_266' title='bbox 343 3262 387 3315; x_wconf 86' lang='grc' dir='ltr'><strong><em>ἐπ’</em></strong></span> <span class='ocrx_word' id='word_1_267' title='bbox 406 3263 500 3316; x_wconf 83' lang='grc' dir='ltr'><strong><em>αὐτοῖσ</em></strong></span> <span class='ocrx_word' id='word_1_268' title='bbox 523 3262 606 3315; x_wconf 81' lang='grc' dir='ltr'><strong><em>δόξαν</em></strong></span> <span class='ocrx_word' id='word_1_269' title='bbox 628 3262 680 3314; x_wconf 87' lang='grc' dir='ltr'><strong><em>οὐκ</em></strong></span> <span class='ocrx_word' id='word_1_270' title='bbox 699 3263 907 3328; x_wconf 82' lang='grc' dir='ltr'><strong><em>ἐλαττούμενοσ.</em></strong></span> <span class='ocrx_word' id='word_1_271' title='bbox 945 3263 1077 3327; x_wconf 86' lang='grc' dir='ltr'><strong><em>κέχρηται</em></strong></span> <span class='ocrx_word' id='word_1_272' title='bbox 1095 3263 1126 3314; x_wconf 79' lang='grc' dir='ltr'><strong><em>δὲ</em></strong></span> <span class='ocrx_word' id='word_1_273' title='bbox 1146 3262 1195 3326; x_wconf 90' lang='grc' dir='ltr'><strong><em>μά-</em></strong></span> 
     </span>
     <span class='ocr_line' id='line_1_32' title="bbox 178 3350 1195 3418; baseline 0 -16"><span class='ocrx_word' id='word_1_274' title='bbox 178 3353 253 3403; x_wconf 86' lang='grc' dir='ltr'><strong><em>λιστα</em></strong></span> <span class='ocrx_word' id='word_1_275' title='bbox 277 3352 339 3416; x_wconf 81' lang='grc' dir='ltr'><strong><em>μέν,</em></strong></span> <span class='ocrx_word' id='word_1_276' title='bbox 363 3353 402 3404; x_wconf 86' lang='grc' dir='ltr'><strong><em>ὼσ</em></strong></span> <span class='ocrx_word' id='word_1_277' title='bbox 425 3351 523 3404; x_wconf 78' lang='grc' dir='ltr'><strong><em>αὐτίκα</em></strong></span> <span class='ocrx_word' id='word_1_278' title='bbox 546 3357 604 3403; x_wconf 86' lang='grc' dir='ltr'><strong><em>τοῑσ</em></strong></span> <span class='ocrx_word' id='word_1_279' title='bbox 629 3350 846 3414; x_wconf 86' lang='grc' dir='ltr'><strong><em>ἀναγινώσκουσι</em></strong></span> <span class='ocrx_word' id='word_1_280' title='bbox 870 3352 968 3417; x_wconf 80' lang='grc' dir='ltr'><strong><em>δῆλον,</em></strong></span> <span class='ocrx_word' id='word_1_281' title='bbox 995 3350 1131 3418; x_wconf 78' lang='grc' dir='ltr'><strong><em>εὐκρινείᾳ</em></strong></span> <span class='ocrx_word' id='word_1_282' title='bbox 1150 3353 1195 3403; x_wconf 84' lang='grc' dir='ltr'>καί</span> 
     </span>
    </p>
   </div>
   <div class='ocr_carea' id='block_1_8' title="bbox 250 3473 671 3543">
    <p class='ocr_par' dir='ltr' id='par_1_9' title="bbox 250 3473 671 3543">
     <span class='ocr_line' id='line_1_33' title="bbox 250 3473 671 3543; baseline -0.007 -16"><span class='ocrx_word' id='word_1_283' title='bbox 250 3480 284 3527; x_wconf 82' lang='grc'><strong><em>24</em></strong></span> <span class='ocrx_word' id='word_1_284' title='bbox 303 3474 338 3527; x_wconf 84' lang='lat' dir='ltr'><strong><em>cf.</em></strong></span> <span class='ocrx_word' id='word_1_285' title='bbox 356 3474 390 3528; x_wconf 81' lang='lat' dir='ltr'><strong><em>fr.</em></strong></span> <span class='ocrx_word' id='word_1_286' title='bbox 409 3473 581 3543; x_wconf 79' lang='lat' dir='ltr'><strong>praecedens</strong></span> <span class='ocrx_word' id='word_1_287' title='bbox 599 3490 626 3525; x_wconf 88' lang='lat' dir='ltr'><strong><em>u.</em></strong></span> <span class='ocrx_word' id='word_1_288' title='bbox 647 3477 671 3524; x_wconf 82' lang='lat'><strong><em>4.</em></strong></span> 
     </span>
    </p>
   </div>
   <div class='ocr_carea' id='block_1_9' title="bbox 251 3614 1193 3687">
    <p class='ocr_par' dir='ltr' id='par_1_10' title="bbox 251 3614 1193 3687">
     <span class='ocr_line' id='line_1_34' title="bbox 251 3614 1193 3687; baseline -0.003 -17"><span class='ocrx_word' id='word_1_289' title='bbox 251 3622 284 3670; x_wconf 83' lang='lat'><strong><em>15</em></strong></span> <span class='ocrx_word' id='word_1_290' title='bbox 298 3621 454 3687; x_wconf 80' lang='grc' dir='ltr'><strong><em>κεχρῆσθαι</em></strong></span> <span class='ocrx_word' id='word_1_291' title='bbox 462 3615 496 3683; x_wconf 85' lang='grc' dir='ltr'><strong><em>Α,</em></strong></span> <span class='ocrx_word' id='word_1_292' title='bbox 509 3619 631 3686; x_wconf 80' lang='grc' dir='ltr'><strong><em>χρῆσθαι</em></strong></span> <span class='ocrx_word' id='word_1_293' title='bbox 641 3614 719 3684; x_wconf 86' lang='lat' dir='ltr'>uulg.</span> <span class='ocrx_word' id='word_1_294' title='bbox 793 3616 889 3678; x_wconf 74' lang='grc' dir='ltr'><strong><em>αὐτοῖς</em></strong></span> <span class='ocrx_word' id='word_1_295' title='bbox 902 3614 1193 3674; x_wconf 77' lang='lat' dir='ltr'><strong>add.deermachs1·‚</strong></span> 
     </span>
    </p>
   </div>
   <div class='ocr_carea' id='block_1_10' title="bbox 0 0 1338 3912">
    <p class='ocr_par' dir='ltr' id='par_1_11' title="bbox 0 0 1338 3912">
     <span class='ocr_line' id='line_1_35' title="bbox 0 0 1338 3912; baseline 0 0"><span class='ocrx_word' id='word_1_296' title='bbox 0 0 1338 3912; x_wconf 95' lang='lat' dir='ltr'><strong><em> </em></strong></span> 
     </span>
    </p>
   </div>
  </div>
 </body>
</html>
