2666 3912
329 202 403 252 vm.
424 203 695 253 εενεεεεωιεεε
714 202 815 253 ΥΠΕΡ
832 200 977 251 mm
1094 195 1157 260 135

180 355 251 427 πρὸς
273 359 323 429 μὲν
344 356 376 415 τὸ
399 369 511 429 πρῶτον
533 360 653 429 λεκτέον,
680 357 721 415 ότι
746 359 831 414 εἴωθε
858 357 978 413 Πλάτων
1001 366 1059 412 τῶν
1084 358 1161 412 ἀντι-

180 448 315 520 κειμένων
338 446 428 518 λόγων
446 450 569 515 ἐξέτασιν
587 453 734 504 ποιεῖσθαι
751 445 822 517 πρὸς
841 447 949 515 εύρεσιν
967 448 1016 500 καί
1035 445 1161 518 βάσανον

182 545 232 607 τῆς
250 535 397 605 ἀληθείας·
417 537 505 601 ούτως
523 539 572 592 καί
590 540 620 593 ἐν
640 535 772 612 Πολιτείᾳ
791 540 823 606 (ΙΙ
842 542 894 589 368
905 538 942 604 ss)
961 535 1034 590 κατα
1052 538 1161 590 δικαιο-

182 625 267 693 σύνης
289 627 338 679 καί
361 625 430 695 ὑπὲρ
455 627 635 697 δικαιοσύνης
660 625 753 700 <καί>
773 627 803 680 ἐν
822 629 949 697 Σοφιστῇ
969 628 1078 696 (mss)
1097 626 1161 692 περί

179 707 334 777 τοῶὸντος
356 717 405 769 καί
427 725 477 770 τοῦ
500 715 537 786 μὴ
561 715 648 778 ὄντος,
687 717 736 769 καί
755 724 807 769 νῦν
826 710 878 769 ούν
896 711 958 768 κατ’
982 713 1082 782 ἔρωτος
1100 709 1160 768 είπε
1188 726 1201 766 5

181 801 251 871 πρὸς
268 801 300 858 τὸ
320 803 409 873 ὄνομα
427 801 458 859 τὸ
477 813 532 859 τῶν
551 808 660 860 πολλῶν
679 801 900 874 ἀπομαχόμενος,
920 803 1033 865 δεικνύς
1051 800 1094 857 ότι
1113 798 1160 857 ού-

180 913 228 955 τος
253 894 304 947 ούκ
331 893 404 948 ἐστιν
429 893 497 962 έρως
522 891 583 948 ἀλλ’
605 892 684 964 ύβρις
709 895 758 948 καί
781 891 877 954 πάθος
900 912 927 946 τι
949 900 1053 962 ψυχῆς·
1080 891 1162 954 ἀλλος

181 980 235 1051 γάρ
255 984 328 1037 ἐστιν
347 981 362 1037 6
381 983 419 1045 ὡς
436 979 505 1045 θεὸς
518 979 620 1050 Ἔρως,
645 985 754 1036 πολλῶν
777 984 897 1050 ἀγαθῶν
919 989 978 1043 τοῖς
997 981 1163 1047 ἀνθρώποις

181 1069 221 1125 ἀν
243 1067 363 1142 χορηγὸς
384 1072 434 1125 καί
457 1073 619 1140 ἀναγωγεύς
643 1079 699 1125 τῶν
724 1078 831 1141 ψυχῶν.
866 1071 1023 1138 ἀναγκαῖον
1049 1066 1101 1124 υύν
1126 1063 1162 1138 ἦν

183 1160 230 1214 ἐπί
256 1158 376 1232 σωτηρίᾳ
401 1169 457 1215 τῶν
482 1162 645 1228 ἀνθρώπων
670 1156 715 1214 ἐπ’
737 1159 821 1228 ἀμφω
847 1157 986 1228 γυμνάσαι
1010 1159 1075 1221 τούς
1097 1159 1162 1226 περὶ
1176 1171 1201 1209 10

182 1249 284 1316 ἐρωτος
309 1248 420 1320 λόγους,
448 1248 605 1320 ἐλέγχοντος
629 1249 680 1318 τὴν
696 1250 700 1318 Ι
717 1246 804 1313 δόξαν
826 1256 882 1302 τῶν
906 1251 1026 1315 πολλῶν,
1055 1247 1104 1302 διά
1129 1244 1161 1302 τδ
1178 1249 1212 1297 10
1225 1242 1322 1298 Oouvr.

181 1339 313 1409 ἡγεῖσθαι
337 1340 439 1402 αύτούς
462 1335 508 1393 ἐπ’
529 1339 613 1408 ἀμφω
632 1335 727 1408 ῥέπειν
745 1334 796 1392 τὸν
815 1338 910 1406 ἐρωτα.
934 1369 967 1376 -
991 1334 1062 1404 πρὸς
1080 1335 1111 1392 δὲ
1129 1333 1161 1391 τὸ

180 1428 320 1496 δεύτερον,
334 1425 365 1482 τὸ
375 1426 559 1498 ἀντιγράφειν
569 1425 667 1502 Λυσίᾳ,
679 1424 785 1496 ῥητέον,
796 1424 848 1494 ὅτι,
863 1425 953 1493 ὥσπερ
964 1423 979 1480 6
989 1421 1163 1494 θεωρητικός

182 1513 336 1587 φιλόσοφος
358 1515 427 1585 ὑπὲρ
452 1514 586 1585 ἀφελείας
608 1525 658 1571 τού
683 1525 739 1570 τῶν
765 1517 927 1583 ἀνθρώπων
953 1513 1051 1583 γένους
1076 1533 1161 1568 κατα-

181 1605 274 1660 τάττει
297 1604 398 1660 ἑαυτὸν
421 1607 461 1668 είς
484 1603 668 1674 διακόσμησιν
690 1602 796 1667 πόλεως
819 1605 868 1658 καί
891 1602 998 1674 γίνεται
1020 1602 1162 1665 πολιτικὸς
1177 1619 1201 1657 15

182 1695 231 1749 καί
254 1693 395 1763 δικαστής,
417 1691 467 1749 τδν
490 1694 577 1749 αύτὸν
598 1691 705 1761 τρόπον
727 1695 776 1748 καί
800 1690 993 1762 διφιλόσοφος
1016 1691 1090 1761 δρῶν
1112 1687 1162 1746 τὸν
1295 1743 1300 1758 ,

181 1786 308 1852 Φαῖδρον
326 1781 489 1854 ἐπιτηδείως
506 1783 557 1854 μὲν
573 1783 673 1854 έχοντα
686 1783 757 1851 πρὸς
771 1780 951 1851 φιλοσοφίαν,
970 1779 1161 1854 βλαπτόμενον
1202 1768 1205 1774 ’

183 1871 213 1928 δέ
237 1874 292 1928 ύπδ
315 1883 364 1944 τῆς
388 1871 537 1936 συνουσίας
558 1882 608 1928 τού
633 1870 748 1942 ῥήτορος
766 1873 816 1926 καὶ
835 1874 875 1935 εἰς
891 1872 926 1926 τά
944 1870 1023 1942 τίμια
1041 1867 1160 1941 βλαπτό-

181 1982 267 2031 μενον
290 1963 419 2033 (αἰσχρῶς
442 1961 495 2032 γὰρ
520 1963 606 2017 αύτού
630 1964 701 2030 ἐρῶν
725 1960 863 2031 συνέθηκε
885 1961 935 2016 τὸν
959 1957 1041 2030 λόγον
1065 1959 1080 2015 6
1103 1967 1160 2014 Λυ-

182 2047 251 2119 σίας,
271 2049 319 2106 ἵνα
338 2049 425 2106 αὐτὸν
442 2052 624 2123 χειρώσηται),
643 2051 744 2106 τούτου
758 2049 841 2121 χάριν
854 2050 885 2104 τὸ
901 2059 1060 2118 κακοῦργον
1075 2051 1162 2103 αύτοῦ
1176 2064 1202 2102 νο

179 2148 229 2209 τῆς
253 2148 346 2211 ψυχῆς
368 2141 418 2194 καί
439 2141 583 2209 ἀπατηλὸν
601 2137 632 2194 τό
650 2161 680 2194 τε
700 2139 790 2194 ἀθεον
809 2139 907 2193 καὶτὸ
928 2139 1071 2193 σκοτεινὸν
1089 2137 1162 2207 ἐλέγ-

180 2248 237 2299 χων
260 2227 429 2298 ἠναγκάσθη
454 2230 493 2292 είς
515 2229 567 2298 τὴν
586 2228 674 2297 αὐτὴν
694 2225 832 2284 ὑπόθεσιν
849 2233 886 2300 τῷ
908 2226 999 2303 Λυσίᾳ
1017 2232 1162 2296 καθεῖναι,

182 2315 230 2370 ἴνα
254 2315 330 2388 δείξῃ
353 2318 405 2386 τὴν
428 2318 643 2386 ἐμφωλεύουσαν
666 2312 788 2373 ἀτοπίαν
811 2321 849 2390 τῷ
869 2315 974 2372 Λυσίου
998 2314 1069 2388 λόγῳ
1088 2315 1162 2370 κατά

180 2426 210 2460 τε
228 2405 279 2469 τὰς
297 2406 389 2475 λέξεις,
409 2406 443 2469 ἃς
461 2406 631 2475 ἐκπέπληκτο
651 2405 666 2462 6
688 2410 819 2475 Φαῖδρος,
838 2407 887 2460 καί
905 2405 979 2460 κατὰ
996 2404 1031 2459 τά
1047 2405 1161 2474 διανοή-

181 2515 264 2564 ματα,
282 2495 432 2566 ἐπανάγων
451 2496 538 2550 αύτὸν
556 2493 613 2550 ἀπὸ
631 2504 682 2550 τοῦ
699 2495 777 2558 ἐκτὸς
790 2496 840 2550 καί
854 2493 1028 2564 φαινομένου
1043 2493 1161 2557 κάλλους
1175 2507 1201 2547 25

181 2585 212 2638 ἐν
232 2581 324 2653 λόγοις
341 2587 435 2656 ψιλοῖς
453 2586 502 2639 καί
521 2583 620 2646 ἀθέοις
639 2585 685 2639 ἐπὶ
702 2584 733 2638 τὸ
752 2581 875 2654 ψυχικὸν
889 2585 937 2638 καί
951 2580 1051 2652 νοερδν
1064 2580 1160 2637 καλόν.

181 2704 215 2712 -
235 2670 306 2741 πρὸς
329 2672 360 2728 δὲ
382 2673 414 2728 τὸ
432 2672 540 2742 τρίτον,
563 2674 594 2728 τὸ
613 2682 662 2743 της
680 2673 777 2738 λέξεως
796 2672 923 2743 έξογκον,
948 2669 1046 2742 ῥητέον
1065 2672 1102 2735 ὡς
1120 2673 1161 2727 υί-

181 2759 262 2824 κείως
293 2771 438 2834 πανταχοῦ
469 2771 529 2825 τοῖς
560 2761 754 2831 ὑποκειμένοις
783 2760 927 2831 πράγμασι
954 2761 1003 2815 καί
1030 2769 1063 2832 τῇ
1092 2760 1162 2826 λέξει

180 2849 312 2922 κέχρηται
330 2850 460 2905 Πλάτων·
485 2859 597 2919 πρῶτον
619 2849 670 2919 μέν
693 2849 747 2920 γάρ
771 2851 867 2920 ἐπειδὴ
886 2850 984 2912 λεπτὸς
1003 2852 1051 2904 καί
1070 2850 1162 2920 ἰσχνὸς

180 2934 218 3010 6v
236 2937 252 2995 6
269 2949 320 2994 τού
338 2938 445 2995 Λυσίου
463 2937 547 3011 λόγου
565 2940 721 3011 χαρακτήρ,
745 2937 857 3002 εἰκότως
881 2936 966 3002 αὐτὸς
983 2944 1021 3012 τῷ
1040 2941 1161 2994 ἀντικει-
1175 2953 1200 2992 30

181 3027 255 3102 μένῳ
273 3028 392 3099 ν’γδέλησε
409 3029 568 3100 χρήσασθαι
581 3034 619 3102 τῷ
635 3028 891 3101 σεμνοπρεπεστέρῳ
905 3028 977 3096 πρὸς
990 3027 1162 3098 κατάπληξιν

180 3119 229 3172 καί
252 3116 379 3188 χείρωσιν
397 3127 447 3173 τοῦ
466 3118 542 3173 νέου·
571 3118 665 3174 ἔπειτα
683 3119 700 3188 6
720 3117 888 3187 ὑποκειμένη
908 3115 1042 3186 θεολογία
1060 3118 1077 3187 6
1096 3119 1161 3185 περὶ

179 3215 230 3261 τοῦ
249 3207 349 3274 έρωτος
367 3209 415 3261 καί
433 3208 451 3277 6
471 3206 636 3278 φυσιολογίᾳ
654 3208 671 3278 6
690 3209 754 3276 περί
771 3190 820 3277 τὴς
833 3215 936 3276 νοητῆς
950 3204 1047 3268 ούσίας
1061 3205 1161 3279 ἀπῄτει

179 3296 316 3360 τοιούτων
334 3294 423 3367 λόγων
434 3295 561 3366 ἀξίωμα·
582 3298 644 3352 ἐπεὶ
662 3295 715 3366 γάρ
733 3298 798 3364 περί
815 3298 935 3367 ἀφανῶν
949 3297 998 3350 καί
1012 3296 1161 3380 ἀγνώστων

216 3513 233 3561 4
251 3509 300 3562 καί
319 3510 382 3564 εδδ.
403 3509 549 3565 Gouvreur.
631 3515 666 3564 26
684 3511 790 3582 ψιλοῖς]
809 3509 881 3578 ,ἐστι
902 3511 1076 3578 corruptum:
1094 3509 1161 3562 uide

144 3581 240 3634 tamen
260 3579 374 3636 Theaet.
395 3587 482 3637 16σει
502 3581 648 3638 couvreur.
