2664 3906
153 291 156 298 ,
204 221 268 286 176
342 226 404 276 XII.
423 225 577 276 EKAOPH
594 223 746 280 ΛΕΞΕΩΝ
764 225 861 276 ΚΑΤΑ
878 224 1080 274 ΣΤΟΙΧΕΙΟΝ

271 382 369 436 Svas
389 400 408 436 s.
430 401 456 437 u.
477 383 549 438 οἷοςι
577 426 605 438 ..
625 383 699 438 οἷος
721 386 774 450 ἦν’
801 385 863 438 άντλ
888 389 940 438 τοῦ
964 385 1074 448 ἕτοιμος
1096 385 1141 449 ἠν.
1179 385 1221 436 τί-

197 477 275 527 θεται
289 474 320 527 δέ
335 475 379 526 καί
394 473 455 526 ἀντί
468 478 519 527 τοθ
535 473 694 528 έςπούδαζε.
724 473 822 527 Λυςίας
837 471 879 541 (fr.
897 476 947 524 159
962 471 1038 538 Tur.;
1056 477 1090 524 62
1104 470 1220 538 Thalh.)

199 562 334 627 *ἐβιάζετὸ
356 578 388 615 τε
410 563 464 629 γάρ
488 565 532 615 καί
551 561 611 616 οίος
628 563 665 628 ἠν
684 563 805 629 ἐξευρεῖν
823 564 876 628 τὴν
896 561 1004 629 θύραν’.
1043 562 1166 628 εημαίνει
1186 564 1220 616 δέ
1316 591 1317 594 ¹

198 654 243 704 καί
260 652 293 704 τὸ
313 651 546 704 ἀνταποδοτικάν·
568 651 716 718 *τοιοῦτος
735 650 795 704 οίος
814 652 851 717 ἠν
869 653 885 704 δ
904 651 1018 718 πατὴρ’.

169 789 184 829 5
270 774 367 827 Svas
383 774 428 845 (cf.
442 774 495 828 lex.
512 774 537 828 S.
553 775 643 842 quint.
658 793 686 843 p.
703 779 789 841 285,5
804 776 834 828 et
846 774 900 828 lex.
916 774 943 828 S.
958 777 1050 844 quart.
1064 793 1091 844 p.
1105 780 1163 842 192,
1176 779 1218 842 9);
1309 749 1317 764 ⁶¹

198 866 297 919 ὀκνῶ·
328 869 477 931 φοβοῦμαι.
515 868 560 918 καί
585 871 697 919 πυκνῶς
722 867 816 934 τούτῳ
843 867 973 932 κέχρηται
1000 865 1145 931 (οφοκλῆς
1171 867 1218 918 έπλ

196 958 247 1006 τοιλ
267 957 410 1020 φοβεῑςθαι
429 952 482 1020 (Ai.
503 956 547 1022 82)

304 1048 467 1109 φρονοῦντα
484 1043 538 1110 γάρ
556 1061 599 1097 νιν
619 1045 671 1097 οὐκ
690 1045 724 1096 ἂν
744 1045 855 1110 ἐξέςτην
874 1044 958 1112 ὄκνῳ.

196 1135 241 1185 καί
264 1132 290 1184 οἱ
309 1133 425 1199 ῥήτορε(
449 1133 501 1185 οὐκ
520 1133 564 1185 ἐπί
583 1133 684 1186 δειλία(
702 1135 747 1186 καί
766 1133 901 1202 ῥᾳθυμίας
920 1132 1072 1199 ἐχρήςαντο
1090 1137 1131 1199 τῷ
1152 1133 1217 1185 ὀνό-

155 1235 181 1274 1ο
197 1238 269 1288 ματι,
289 1221 348 1274 ἀλλ’
366 1221 411 1274 έπί
428 1226 480 1274 τοθ
500 1223 593 1288 φόβου
613 1225 658 1276 καὶ
676 1226 727 1274 τοιλ
748 1225 899 1288 φοβεῖεθαι.
938 1221 1079 1288 Ἀντιφῶν
1098 1219 1141 1288 (fr.
1163 1224 1215 1272 139

195 1308 265 1375 Bl.²;
285 1315 318 1362 56
333 1307 422 1378 Diels)
444 1310 539 1363 εκακὸς
555 1311 581 1363 δ’
595 1313 629 1364 ἂν
644 1308 741 1383 <εἴη>,
761 1307 784 1364 εἰ
799 1309 886 1382 (έπ’>
901 1311 1001 1364 ἀποῦςι
1020 1311 1070 1376 μέν
1089 1313 1134 1363 καί
1153 1312 1217 1375 μέλ-

195 1402 271 1453 λουςι
289 1405 348 1454 τοῖς
367 1401 504 1453 κινδύνοις
521 1405 556 1468 τῇ
575 1402 686 1468 γλώττῃ
706 1401 870 1466 θραςύνεται
886 1403 930 1454 καί
943 1405 985 1468 τῷ
1000 1400 1089 1453 θέλειν
1103 1399 1215 1466 ἐπείγει,

195 1490 228 1542 τὸ
252 1491 283 1542 δέ
307 1490 390 1554 ἔργον
410 1490 443 1541 ἂν
466 1495 555 1558 παρῇ,
580 1489 677 1542 δκνεί’.
715 1491 760 1542 καί
783 1489 966 1555 Δημοςθένης
989 1490 1019 1540 έν
1042 1489 1214 1541 Φιλιππικῶν

195 1580 299 1648 πρώτῳ
324 1579 407 1644 (112)
437 1577 522 1644 ’φημί
547 1580 581 1644 δὴ
609 1581 671 1646 διχῇ
698 1580 854 1644 βοηθητέον
880 1580 950 1631 εἶναι
975 1583 1033 1630 τοῖς
1058 1578 1214 1644 πράγμαειν
1316 1631 1317 1642 ,

154 1679 181 1720 15
195 1667 272 1734 ὑμῖν,
294 1672 336 1734 τῷ
359 1683 391 1720 τε
413 1668 464 1719 τὰς
485 1667 579 1721 πόλεις
601 1673 660 1721 τοῖς
684 1667 836 1721 Ὀλυνθίοις
860 1668 955 1735 ςῲῑειν
980 1670 1024 1720 καὶ
1042 1668 1109 1720 τοὺς
1127 1671 1213 1719 τουτο
1307 1663 1317 1700 ι’

194 1755 361 1822 ποιήςοντας
385 1756 552 1821 ετρατιῶτας
578 1757 740 1822 ἐκπέμπειν,
766 1760 811 1810 καί
835 1760 876 1825 τῷ
905 1757 959 1821 τὴν
984 1755 1091 1808 ἐκείνου
1118 1757 1213 1822 χώραν

195 1849 287 1898 κακῶς
304 1851 393 1898 ποιεῖν
412 1847 457 1898 καί
474 1846 594 1911 τριήρεςι
613 1848 657 1898 καί
672 1847 851 1910 ςτρατιῶταιε
865 1845 976 1911 ἑτέροις.
1010 1842 1033 1896 εί
1048 1845 1078 1897 δέ
1093 1845 1212 1911 θατέρου

193 1934 304 1987 τούτων
324 1933 516 2000 ὁλιγωρὴςετε,
537 1935 611 1988 ὀκνῶ
631 1936 668 1999 μὴ
689 1933 805 1999 μάταιος
823 1935 887 1998 ὑμῖν
901 1935 919 1999 ἡ
935 1933 1062 1999 ςτρατεία
1076 1933 1211 1998 γένηται’,
1245 1973 1251 1986 .

195 2025 240 2075 καί
263 2022 375 2090 Ὁμήρῳ
404 2024 435 2076 δέ
464 2023 508 2076 ἐπί
535 2027 586 2076 τοθ
615 2023 708 2089 φόβου
737 2024 752 2075 ὁ
781 2024 865 2076 ὄκνος
892 2024 1029 2075 τέτακται.
1068 2024 1135 2088 φηςί
1157 2023 1212 2089 γάρ

153 2125 180 2164 νο
196 2111 375 2177 Ἀγαμέμνων
394 2114 457 2178 περί
474 2116 525 2164 τοῦ
545 2112 670 2178 ἀδελφοῦ
690 2112 778 2164 αὑτοῦ
799 2112 829 2180 (Κ
850 2112 910 2178 122)

301 2199 362 2253 οὔτ’
379 2202 454 2268 ὄκνῳ
474 2200 556 2254 εἴκων
576 2201 637 2254 οὔτ’
655 2199 805 2268 ἀφραδίῃςι
823 2200 909 2253 νόοιο.

266 2322 363 2376 Svas
393 2322 437 2392 (cf.
461 2321 515 2377 lex.
541 2323 566 2376 S.
591 2323 681 2392 quint.
704 2340 732 2390 p.
752 2328 818 2390 285,
837 2326 876 2386 3);
911 2325 1209 2390 δλιγαρχούμενοι·

193 2415 249 2468 ὑπὸ
269 2413 371 2478 ὀλίγων
389 2414 545 2480 ἀρχόμενοι.
582 2419 656 2480 τρεῖς
674 2412 723 2467 εἰει
741 2416 887 2480 πολιτεῖαι,
908 2413 1038 2479 βαειλεία,
1059 2413 1209 2480 ὀλιγαρχία,

193 2503 373 2571 δημοκρατία.

150 2639 178 2680 95
265 2626 363 2680 Svms
378 2626 424 2695 (cf.
438 2625 491 2680 lex.
508 2625 534 2679 S.
549 2626 638 2695 quint.
653 2644 680 2694 p.
692 2629 753 2691 285,
770 2631 783 2678 1
800 2629 828 2679 et
841 2624 894 2679 lex.
911 2625 936 2680 S.
952 2627 1043 2693 quart.
1058 2645 1085 2696 p.
1098 2632 1158 2693 192,
1169 2632 1207 2696 7):

193 2719 290 2782 δμοθ·
310 2717 393 2781 ἐγγύς
395 2757 494 2770 .....
514 2717 696 2784 Δημοςθένης
714 2720 755 2783 τῶ
774 2717 845 2781 ὁμοῦ
866 2716 927 2769 ἀντί
944 2721 995 2768 τοι)
1016 2717 1099 2780 ἐγγὺς
1112 2719 1208 2784 κέχρη-

191 2823 237 2859 ται
260 2806 290 2858 έν
313 2811 353 2874 τῷ
379 2807 453 2859 Κατὰ
474 2805 706 2872 Ἀριςτογείτονος
725 2806 799 2873 (XXV
819 2807 863 2871 51)
889 2804 965 2858 ίείςίν
985 2807 1056 2870 δμοιλ
1076 2808 1208 2873 διςμύριοι

193 2894 310 2960 χιλιάδες
330 2893 505 2960 Ἀθηναίων’.
544 2896 611 2947 ἔνθα
629 2895 682 2960 γὰρ
703 2895 830 2960 βούλεται
849 2895 965 2960 δηλοῦν,
986 2895 1030 2948 ὅτι
1048 2895 1131 2958 ἐγγὺς
1149 2899 1207 2947 τῶν

193 2984 340 3049 διςμυρίων
360 2983 433 3050 είςίν,
453 2984 512 3036 ἐπεὶ
531 2984 575 3036 ὅτι
592 2999 624 3046 γε
644 2983 696 3036 οὐκ
714 2984 783 3048 ἠεαν
802 2984 936 3049 διςμύριοι
955 2984 1087 3049 φανερόν.
1117 2983 1207 3036 Ἰεαῑοε

150 3084 178 3122 80
193 3072 270 3125 δὲτὸ
285 3074 356 3138 ὁμοῦ
372 3073 416 3128 έπί
430 3073 533 3139 χρόνου
549 3073 644 3126 ἔταξεν
659 3073 689 3124 έν
703 3076 744 3139 τῶ
757 3072 835 3137 Πρὸς
849 3072 1002 3138 Δωρόθεον
1022 3069 1064 3139 (ίτ.
1080 3075 1114 3122 34
1129 3070 1206 3136 Tur.;

192 3163 207 3211 9
230 3159 341 3226 Thalh.)
372 3161 413 3214 ‘tc
443 3165 579 3214 τοιοῦτον
607 3160 743 3227 πονηρίας
773 3161 844 3225 ὁμοῦ
875 3163 920 3213 καί
946 3161 1050 3226 τόλμης
1078 3160 1204 3228 ἐλήλυθε’

191 3252 236 3302 καί
259 3250 289 3302 ἐν
312 3255 353 3318 τῷ
376 3250 455 3317 Πρὸς
474 3249 660 3316 Καλλικράτην
680 3247 723 3317 (fr.
744 3253 777 3301 95
797 3248 875 3313 Tur.;
896 3254 928 3300 19
947 3247 1057 3316 Thalh.)
1082 3249 1128 3302 εοιί
1152 3251 1205 3314 μὴν

191 3338 260 3390 ἀλλὰ
277 3340 380 3392 τούτου
399 3339 491 3392 πάντα
510 3340 581 3403 δμοθ
599 3343 690 3391 ταῦτα
709 3337 908 3391 ἐπιτάξαντος’.
937 3338 1035 3391 Λυςίας
1053 3339 1084 3390 δὲ
1103 3339 1148 3391 ἐπί
1161 3339 1205 3390 τά·

190 3442 245 3478 που
264 3431 350 3480 τοῦτο
370 3429 465 3482 ἔταξεν
480 3428 510 3480 ἐν
524 3433 559 3495 τί]
573 3427 651 3494 Πρὸς
666 3427 841 3492 Μετάνειραν
855 3427 982 3494 ἐπιςτολῇ
1003 3425 1045 3494 (fr.
1062 3430 1113 3478 256
1128 3425 1204 3494 Tum

263 3608 294 3655 11
316 3601 358 3672 είη
373 3605 402 3656 et
415 3600 461 3658 ἐπ’
479 3602 543 3657 add.
558 3602 644 3657 Diels.
719 3608 752 3655 12
771 3598 876 3671 ἐπείγει
889 3602 978 3669 Βίυυυ,
995 3599 1117 3671 ἐπείγειν
1130 3602 1202 3656 libri.
