2666 3912
503 243 536 292 V.
557 243 643 292 ΠΕΡΙ
663 241 795 292 ΤΨΟΤΣ
1114 238 1155 303 67

138 399 211 475 τείᾳ
230 400 275 469 (de
294 416 324 454 re
343 418 369 469 p.
390 399 489 454 Laced.
511 405 535 465 3,
555 403 582 469 ὃ)
603 398 759 454 ’ἐκείνων
783 401 842 468 μὲν
866 409 949 469 γοῦν
974 394 1075 466 ἧττον
1099 400 1157 468 μὲν

138 487 179 544 διν
206 489 323 560 φωνὴν
348 489 515 551 ἀκούσαις
539 487 557 557 ἢ
583 498 648 544 τῶν
673 487 831 556 λιθίνων,
858 485 961 556 ἧττον
985 485 1014 544 δ’
1036 486 1076 542 διν
1100 487 1158 556 Ip-

138 599 229 647 ματα
252 577 417 648 στρέψαις
439 576 539 646 ἢτῶν
563 581 709 650 χαλκῶν,
733 577 1048 647 αἰδημονεστέρονς
1067 573 1095 632 δ’
1117 574 1157 630 διν

139 668 264 730 αὐτοὺς
296 665 442 736 ἡγήσαιο
475 668 532 720 καλ
565 667 676 722 αὐτῶν
704 676 767 721 τῶν
796 666 831 720 ἐν
858 676 932 728 τοῖς
960 666 1156 735 ὀφθαλμοῖς
1182 681 1196 718 4

138 754 348 824 παρδίνων’.
369 797 419 810 ...
439 758 475 826 (6)
491 754 505 810 ὁ
522 759 526 825 Ι
542 754 661 825 μέντοι
679 752 821 824 Τίμαιος
835 756 877 826 (fr.
897 761 947 808 149
962 754 1070 809 11161
1085 758 1155 824 231),
1172 755 1254 814 10V.

138 847 180 908 ὡς
216 843 349 914 φωρίον
385 845 482 907 τινός
518 843 768 914 ἐφαπτόμενος,
806 843 886 900 οὐδὲ
924 853 1024 898 τοῦτο
1053 848 1156 904 Ξενο-

138 943 245 1003 φῶντι
271 934 308 988 τό
333 934 467 1006 ψυχρόν
486 933 677 989 κατέλιπεν.
715 934 797 1002 φησὶ
817 941 899 1003 χοῦν
920 933 975 988 ἐπὶ
992 941 1051 987 τοῦ
1070 931 1156 1003 Ἅγα-

137 1022 309 1085 δοκλέους
335 1022 420 1077 κατὰ
446 1024 482 1077 τὸ
510 1023 571 1092 τὴν
599 1021 750 1092 ἀνεψιὰν
778 1021 878 1093 ἑτέρῳ
905 1021 1096 1092 δεδομένην
1122 1023 1157 1078 ἐκ

137 1121 202 1167 τῶν
225 1109 535 1182 ἀνακαλυπτηρίων
560 1110 764 1178 ἁρπάσαντα
788 1112 969 1178 ἀπελθεῖν,
997 1109 1027 1165 ’ὃ
1046 1109 1097 1175 τίς
1116 1109 1156 1165 διν

139 1199 298 1271 ἐποίησεν
318 1201 353 1256 ἐν
373 1200 569 1270 ὀφθαλμοῖς
587 1199 707 1268 κόρας,
726 1199 767 1269 μὴ
785 1199 916 1268 πόρνας
935 1201 1043 1272 ἔχους’
1069 1204 1106 1269 (6)
1125 1197 1157 1254 τί
1171 1216 1197 1255 16

138 1290 174 1345 δὲ
203 1290 218 1343 δ
246 1285 330 1344 τᾶλλα
358 1293 439 1353 θεῖος
467 1290 622 1357 Πλάτων,
652 1289 712 1352 τὰς
739 1287 878 1352 δέλτους
905 1288 1017 1344 θέλων
1046 1290 1157 1344 εἰπεῖν

140 1379 364 1449 “χροίφαντες’
381 1376 484 1449 φησίν
499 1379 545 1448 (de
559 1379 633 1450 legg.
646 1388 665 1431 V
680 1397 707 1448 p.
720 1383 801 1449 7410)
819 1379 870 1434 ’ἐν
886 1388 958 1440 τοῖς
973 1377 1079 1446 ἱεροῖς
1093 1376 1157 1446 θή-

138 1486 257 1524 σουσιν
272 1466 520 1537 κυπαριττίνας
534 1468 694 1538 μνήμας”
711 1470 767 1523 καί
782 1468 885 1523 πάλιν
900 1468 1057 1537 (ibid.v1p.
1070 1467 1156 1536 ved)

140 1558 232 1626 ‘mol
255 1556 291 1612 δὲ
314 1566 449 1630 τειχῶν,
475 1553 496 1611 ὦ
520 1555 680 1627 Μέγιλλε,
706 1557 767 1628 ἐγὼ
791 1555 1030 1627 ξνμφεροίμην
1053 1554 1094 1611 διν
1117 1564 1155 1628 τῇ

138 1646 278 1719 Σπάρτη
305 1648 341 1701 τό
369 1647 559 1702 καθεύδειν
586 1647 645 1702 ἐᾶν
672 1647 705 1702 ἐν
730 1655 768 1720 τῇ
795 1655 833 1717 γῇ
859 1644 1092 1715 κατακείμενα
1118 1645 1157 1699 τδι
1173 1661 1198 1702 16

137 1733 232 1807 τείχη
258 1737 315 1790 καί
341 1735 382 1804 μὴ
409 1733 692 1790 ἐπανίστασθαι’.
730 1740 768 1805 (I)
794 1737 852 1790 καί
877 1737 912 1790 τὸ
936 1732 1157 1802 Ἡροδότειον

138 1827 167 1893 (V
183 1827 228 1894 18)
247 1825 285 1880 οό
304 1824 430 1892 πόρρω,
453 1826 489 1880 τό
513 1823 623 1894 φοίναι
645 1825 705 1884 τὰς
723 1823 827 1887 καλὰς
846 1833 1017 1895 γυναῖκας
1042 1825 1158 1894 εἀλγη-

137 1911 243 1975 δόνας
276 1913 488 1983 όφδαλμῶν’.
527 1911 682 1985 καίτοιγε
715 1914 783 1984 ἔχει
810 1914 887 1968 τινὰ
915 1910 1159 1996 παραμυθίαν,

137 2001 170 2057 ολ
196 2002 258 2072 γὰρ
283 1999 362 2070 παρ’
391 2003 603 2076 αὐτῷ-ταυτί
628 2003 785 2072 λέγοντες
810 2003 901 2060 εἰσίν
928 2002 960 2057 οἱ
988 2001 1158 2074 βάρβαροι

138 2094 195 2146 καί
215 2091 249 2148 ἐν
268 2091 371 2164 μέθῃ,
396 2089 464 2145 ἀλλ’
486 2089 560 2146 οὐδ’
582 2093 615 2147 ἐκ
634 2092 800 2146 τοιούτων
818 2093 1009 2159 προσώπων
1028 2091 1086 2145 διὰ
1105 2112 1157 2160 μι·
1172 2106 1198 2146 νο

138 2179 335 2252 κροψνχίαν
354 2181 458 2235 καλὸν
477 2181 688 2252 ἀσχημονεῖν
705 2181 791 2249 πρὸς
808 2181 867 2235 τόν
886 2181 1004 2235 αἰῶνα.

210 2322 245 2377 de
263 2324 324 2376 toto
342 2322 502 2393 fragmonho
520 2323 554 2378 cf.
575 2324 732 2378 Romnum
748 2323 766 2376 l.
782 2339 805 2376 ο.
824 2341 851 2392 p.
869 2329 938 2377 1-4
958 2325 987 2377 ot
1005 2328 1048 2389 20,
1065 2330 1088 2389 1,
1108 2322 1157 2391 qui

137 2411 208 2467 haec
227 2412 321 2466 omnia
340 2413 462 2482 (praeter
475 2430 503 2481 p.
519 2417 562 2479 65,
577 2415 693 2482 10-22)
712 2428 746 2467 ex
765 2411 886 2466 Caecilio
905 2412 1009 2465 hausta
1028 2427 1088 2466 esse
1107 2429 1159 2480 pu-

137 2501 189 2554 tat.
226 2518 253 2569 p.
270 2505 433 2568 65,10-11
453 2517 564 2570 quoque
584 2499 705 2555 Caecilio
725 2501 821 2556 deberi
840 2500 938 2553 Wmsp
959 2500 977 2553 l.
998 2518 1020 2554 ο.
1040 2519 1067 2569 p.
1085 2507 1158 2568 43,2

138 2589 253 2642 iudicat.
290 2591 441 2658 utrumque
461 2589 607 2644 adiudicat
624 2590 750 2644 anosn
763 2590 781 2644 l.
797 2607 819 2644 ο.
840 2610 866 2659 p.
884 2594 962 2643 1180.
1000 2590 1081 2642 MInx
1101 2589 1118 2642 l.
1135 2607 1157 2644 ο.

137 2697 164 2747 p.
187 2683 246 2744 116,
266 2684 281 2730 2
309 2678 366 2731 alia
389 2681 474 2746 atque
498 2678 646 2733 Rothstein
671 2695 756 2732 causa
780 2681 937 2733 commotus
956 2697 983 2748 p.
1005 2685 1048 2743 66,
1068 2686 1106 2733 1ο
1130 2680 1159 2732 εί

137 2785 164 2836 p.
185 2773 228 2833 67,
248 2773 336 2820 5-10
355 2767 446 2821 eidem
469 2766 591 2822 Caecilio
616 2768 748 2821 attribuit
776 2769 822 2828 (ad
841 2769 892 2822 hos
912 2768 988 2822 locos
1007 2767 1074 2820 uide
1094 2768 1157 2821 adn.

138 2856 175 2909 ad
193 2855 227 2909 fr.
248 2858 302 2926 89).
375 2856 410 2909 cf.
429 2857 575 2926 praeterea
594 2857 699 2910 Kunm.
718 2857 736 2910 l.
756 2874 779 2910 ο.
799 2876 825 2926 p.
843 2861 893 2910 114
907 2874 927 2909 ι.

206 3043 280 3110 8511
298 3051 474 3106 anmcnvs
494 3055 601 3122 quaest.
622 3053 731 3107 conuiu.
752 3061 805 3106 IIII
822 3061 835 3106 1
855 3071 886 3121 p.
905 3059 990 3108 7170:
1017 3055 1084 3121 ‘apa
1106 3057 1158 3118 τῆ(

138 3142 245 3210 τύχητ’,
265 3144 304 3196 ὼε
322 3142 435 3208 Τίμαιος
453 3141 496 3211 (fr.
514 3147 564 3196 119
578 3141 662 3196 FIIG
680 3151 691 3196 I
710 3145 772 3212 223)
791 3145 863 3209 ἔφη,
892 3142 953 3196 ’τὸν
978 3146 1099 3210 μιμητὴν
1118 3143 1158 3196 ἐξ·

138 3232 258 3297 αγούτη(
277 3236 337 3284 τῶν
353 3237 493 3298 τραγικῶν
511 3237 618 3299 παθῶν,
639 3235 683 3285 καὶ
700 3233 751 3285 τὸν
768 3232 924 3298 ἀγωνιστὴν
941 3230 1157 3297 ἐπεισαγούεηθ.

210 3370 388 3426 referendum
403 3375 446 3426 eut
459 3373 496 3426 ad
509 3373 542 3426 fr.
559 3379 592 3427 85
607 3391 634 3442 p.
646 3379 688 3440 66,
699 3379 740 3426 26.
792 3374 867 3426 hune
881 3373 975 3426 locum
990 3389 1023 3427 ex
1038 3374 1073 3426 iis
1088 3387 1157 3439 esse,

139 3461 188 3528 qui
203 3477 220 3515 a
235 3458 356 3515 Caecilio
370 3463 516 3530 Iamquam
530 3461 659 3531 exempla
673 3461 778 3532 fn'gida
792 3478 826 3516 ex
840 3461 956 3516 Timaeo
972 3461 1053 3517 allati
1068 3461 1157 3527 οτοιιί,

210 3626 226 3674 8
245 3621 367 3675 κατὰτὸ
387 3621 498 3688 Βοὶελιο,
518 3622 616 3675 καὶτὸ
636 3621 715 3677 liber.
789 3628 822 3676 20
842 3621 923 3690 μόθει
942 3622 1022 3676 liber.

961 3715 992 3763 5*
