2666 3910
189 235 281 286 XVIII
590 233 807 286 PROOEMIVM

190 400 232 460 At
256 400 417 476 Sopatrum
441 399 603 460 Caecilium
630 402 784 477 cognitum
811 399 949 460 habuisse
979 418 1039 460 non
1067 399 1207 462 credibile

189 492 243 563 est,
267 489 318 548 sed,
342 489 527 550 enchiridion
550 490 731 550 rhetoricum
753 489 877 564 aliquod
894 491 960 548 eius
983 490 1100 566 generis
1122 489 1205 548 adbi-

190 579 299 651 buisse,
322 579 400 654 quod
424 598 515 654 supra
538 578 689 655 descripsi.
858 549 862 595 Ι

255 667 292 744 In
320 672 416 741 sexto,
445 668 585 744 septimo,
614 671 720 728 octauo
748 668 867 727 saeculo
892 684 978 727 nemo
1003 665 1125 726 Caecilii
1147 685 1206 724 me-

188 759 284 816 moria
311 759 438 836 insignis
467 761 520 816 est.
567 757 704 816 Fortasse
731 757 780 816 hio
807 758 889 816 loeus
913 758 971 830 est,
999 774 1149 832 perpauca
1171 755 1207 814 de

188 847 306 906 lexico
326 844 622 924 Cantabrigiensi
645 846 736 906 uerba
758 846 863 906 facere.
911 845 1099 921 Quamquam
1117 844 1206 904 buius

189 938 272 996 aetas
291 937 401 994 certius
420 935 538 996 definiri
556 955 616 996 non
634 938 742 1010 potest,
761 939 863 996 tamen
876 937 922 994 est
935 937 983 994 eia
997 935 1077 1002 ollas,
1095 934 1207 994 locem

188 1026 346 1084 cercelles
358 1027 545 1084 rlrcloriscbes
558 1027 750 1084 coelatura
766 1017 815 1105 (K.
827 1023 1039 1099 Krumbacher‚
1051 1024 1207 1098 geschichte

188 1115 240 1172 der·
258 1115 494 1190 bpraatiuisebec
513 1107 674 1173 litteratur²
692 1134 721 1190 p.
738 1107 825 1194 577).
858 1114 894 1172 In
912 1133 947 1173 eo
961 1113 1020 1172 duo
1034 1112 1207 1174 testimonia
1321 1165 1324 1176 .

189 1202 225 1262 de
248 1201 405 1263 Calactino
428 1206 540 1276 insunt,
564 1221 649 1278 quae,
674 1221 857 1279 quamquam
879 1203 982 1262 tenuia
1005 1205 1082 1276 eunt,
1105 1204 1206 1260 tamen

190 1292 282 1370 digna
304 1296 382 1367 sunt,
406 1312 482 1367 qnae
505 1294 608 1369 magni
629 1293 831 1352 aestimentur.
868 1293 1008 1352 Fortasse
1027 1290 1206 1364 Caeciliana

188 1400 264 1457 quae
293 1383 499 1458 proferuntur,
528 1401 588 1442 non
619 1382 687 1442 aliis
714 1382 854 1456 meabas,
884 1381 936 1440 sed
957 1380 1085 1442 Caecilii
1109 1382 1205 1456 ipsius

187 1471 309 1531 lectioni
328 1470 480 1530 debentur.
512 1471 661 1546 Subsequi
678 1471 765 1532 iubeo
784 1472 927 1530 lexicon
946 1469 1206 1548 Seguerienum

187 1561 326 1635 quintum
349 1553 395 1642 (et
422 1553 591 1641 quartum)‚
620 1579 803 1636 quamquam
830 1560 971 1620 uidentur
997 1562 1131 1634 tempore
1161 1561 1205 1618 in-

187 1651 297 1708 feriora
322 1668 393 1709 esse.
439 1649 497 1708 Hic
519 1669 621 1710 rursus
646 1649 782 1710 densiora
805 1652 876 1710 sunt
894 1649 1023 1728 uestigia
1045 1648 1206 1708 memoriae

189 1736 375 1798 Caecilianae
398 1741 429 1798 et
451 1739 580 1817 uestigia
604 1739 697 1798 studii
721 1739 834 1799 assidui
856 1740 888 1798 in
910 1757 945 1798 eo
968 1737 1117 1798 collocati.

254 1827 302 1885 Ad
330 1830 512 1903 proximum,
540 1829 593 1904 qui
619 1830 652 1886 in
674 1829 731 1888 hac
757 1828 885 1888 historia
914 1827 1123 1888 memorandus
1151 1829 1205 1901 est,

186 1935 287 1994 pergo,
307 1917 344 1976 ad
359 1917 526 1976 Plotium
542 1911 582 1997 (a.
594 1909 794 1999 eeu-891).
825 1917 854 1976 Is
869 1935 1052 1993 quemquam
1069 1917 1205 1976 nostmn

186 2007 260 2066 satis
297 2025 384 2082 saepe
417 2007 526 2066 diserte
557 2007 663 2067 laudat
694 2010 725 2068 et
756 2008 877 2067 omnino
908 2006 1005 2066 multa
1035 2003 1205 2066 Caeciliana

185 2097 314 2170 profert,
341 2099 442 2154 temen
470 2096 667 2156 certissimum
695 2099 740 2156 eet
766 2115 804 2156 nc
831 2115 924 2154 unum
947 2091 1068 2172 quidem
1094 2095 1204 2154 librum

185 2185 274 2244 huius
301 2185 428 2246 rhetoris
455 2186 554 2261 ipsum
582 2205 650 2244 eurn
676 2187 847 2262 inspexisse.
900 2183 993 2244 Cuius
1020 2183 1204 2259 temporibus

186 2274 330 2349 plurimos
356 2272 480 2334 Caecilii
502 2275 593 2335 libros
617 2274 785 2350 deperditos
808 2275 901 2334 fuisse
924 2275 1103 2349 putauerim.
1150 2272 1204 2332 Co-

186 2363 251 2438 pias
271 2361 465 2438 Caecilianus,
488 2382 563 2438 quas
587 2364 682 2438 affert,
705 2383 764 2422 non
783 2383 818 2423 ox
840 2366 908 2439 ipso
928 2362 1056 2422 Caecilio
1078 2362 1203 2424 Photius
1320 2343 1322 2372 ¹

187 2453 380 2528 deprompsit,
403 2453 454 2513 sed
478 2452 627 2527 pendebat
645 2473 681 2512 er
704 2453 764 2512 alic
788 2456 909 2514 auctore
931 2455 995 2512 siue
1014 2452 1083 2512 aliis
1102 2455 1203 2510 aucto·
1321 2483 1322 2492 .

185 2541 275 2600 ribus.
322 2541 392 2600 Sine
416 2541 505 2601 dubio
530 2543 647 2618 eclogas
671 2561 706 2602 ex
733 2542 815 2602 illius
840 2542 925 2603 libris
947 2560 1002 2616 per
1023 2543 1203 2600 uetrrstiores

185 2631 318 2690 rhetores
351 2632 446 2690 factas
479 2632 647 2706 arcessiuit3
680 2651 715 2690 ex
748 2631 854 2706 quibus
887 2631 1019 2690 fontibus
1050 2629 1203 2707 Longinus

185 2719 305 2778 uidetur
346 2721 450 2794 fuisse,
492 2721 572 2795 quod
611 2721 713 2780 Bruno
750 2721 819 2780 Keil
858 2713 1112 2802 (calmiciacum
1152 2721 1204 2778 der

186 2812 237 2868 47.
255 2811 473 2883 casamarium
495 2809 644 2870 deutscber
662 2811 828 2884 philolopea
846 2811 909 2869 oud
926 2809 1147 2868 sebubmamer
1170 2811 1202 2866 ia
1320 2899 1321 2914 χ

185 2899 277 2956 Holle
300 2918 327 2956 a.
342 2898 371 2957 S.
393 2901 480 2958 1903
502 2919 531 2974 p.
552 2891 608 2979 54)
632 2900 857 2958 demonstrauit.

251 2988 279 3046 Α
302 2987 409 3048 Photio
433 2987 608 3066 progredior
633 2989 672 3048 ad
694 2987 841 3046 Suidam
865 3007 899 3046 ex
922 3005 1001 3050 nono
1028 2987 1147 3046 saeculo
1169 2988 1202 3046 in

185 3076 333 3136 decimum
361 3077 545 3137 descendens.
592 3077 631 3136 Ei
660 3096 736 3151 quae
763 3077 949 3136 necessitudo
976 3095 1045 3136 cum
1071 3074 1202 3136 Caecilio

183 3166 284 3239 fuerit,
299 3165 470 3226 dubitanter
483 3166 691 3225 tantummodo
706 3166 898 3225 definiuerim.
923 3165 1111 3240 Quamquam
1123 3167 1203 3224 enim

185 3256 273 3314 huius
292 3254 407 3314 lexicon
429 3257 539 3317 diserte
561 3257 593 3314 in
616 3255 714 3316 indice
733 3257 862 3316 fontium
880 3257 965 3331 operi
987 3253 1094 3332 grandi
1117 3273 1202 3330 prae·

184 3345 274 3404 misso
289 3346 468 3420 appellatur,
482 3351 583 3404 tamen
598 3344 686 3404 ualde
701 3344 833 3404 dubitari
849 3347 956 3420 potest,
973 3363 1011 3402 an
1025 3362 1083 3404 non
1097 3363 1202 3419 quem-

184 3453 274 3510 quam
286 3433 408 3494 Caecilii
421 3435 533 3494 librum
547 3435 725 3508 uersauerit3
740 3453 807 3493 eum
823 3453 939 3508 quoque
953 3451 1007 3508 per
1021 3433 1097 3492 alios
1110 3434 1202 3492 inter-

184 3524 320 3584 cedentes
341 3522 464 3584 Caecilii
486 3526 627 3584 notitiam
650 3523 759 3582 habere
783 3523 944 3582 uerisimile
963 3525 1016 3581 est.
1053 3521 1133 3580 Vtut
1154 3540 1203 3583 res

184 3631 214 3672 se
237 3613 340 3688 babet,
364 3613 471 3674 Suidas
495 3614 643 3691 imprimis
666 3613 869 3672 memorabilis
893 3615 951 3686 est,
979 3612 1058 3688 quod
1081 3613 1114 3672 in
1138 3613 1202 3670 eius
