2666 3912
190 219 233 283 66
550 221 583 271 V.
603 220 690 270 ΠΕΡΙ
709 219 843 269 ΤΨΟΤΣ

188 381 242 447 γὰρ
261 381 333 446 ἁνὴρ
351 381 397 432 καί
416 385 514 446 φυςιὺν
532 380 603 433 κατὰ
616 380 668 432 τὸν
681 379 827 445 (οφοκλέα
847 376 891 446 (cf.
906 376 940 431 fr.
956 383 1006 431 701
1022 377 1081 446 NJ)
1101 385 1205 446 μικροῑς

190 471 239 535 μέν
272 469 429 536 αὑλίςκοιςι,
462 472 596 535 φορβειᾶς
623 468 649 521 δ’
676 469 757 534 drep-
790 468 825 521 τά
853 484 886 532 γε
919 470 974 534 μὴν
1002 468 1206 535 Ἀμφικράτους

189 554 283 626 (FHG
296 564 327 609 lv
342 559 404 626 300)
422 563 539 612 τοιαῦτα
557 560 602 610 καὶ
617 557 745 624 Ἡγηςίου
765 559 811 610 καί
824 557 977 624 Μάτριδος·
997 560 1138 622 πολλαχοῦ
1151 557 1206 623 γάρ

94 652 124 698 ’7
140 643 172 699 V.
188 648 333 700 ένθουςιάν
361 648 471 702 ἑαυτοῖς
498 649 646 702 δοκοῦντες
675 647 709 699 οὐ
743 647 923 715 βακχεύουςιν
950 646 1020 699 ἀλλὰ
1046 645 1205 716 παίζουλςιν.

161 737 225 804 5(3)
245 737 318 790 όλως
341 735 366 788 δ’
385 737 475 790 έοικεν
498 737 568 788 εἶναι
590 736 623 788 τό
646 733 731 789 οίδείν
755 736 786 789 έν
806 741 865 788 τοῖς
884 735 997 800 μάλιςτα
1016 735 1206 801 δυςφυλακτό-

189 841 283 878 τατον.
321 825 402 891 φὺςει
429 825 482 891 γάρ
511 825 631 878 ἅπαντες
659 823 685 878 οἱ
711 825 845 889 μεγέθους
870 824 1024 890 έφιέμενοι,
1052 825 1206 891 φεύγοντες

189 914 329 967 ἀςθενείας
354 916 398 967 καί
426 914 579 980 ξηρότητος
605 913 784 982 κατάγνωςιν,
808 914 873 982 οὐκΙ
887 913 940 965 οἶδ’
958 913 1036 966 όπως
1059 913 1103 966 ἐπὶ
1127 911 1207 966 τοῦθ’

98 1019 100 1026 ’
188 1005 392 1070 ὑποφέρονται,
420 1004 579 1067 πειθόμενοι
601 1007 642 1070 τῷ
673 1001 813 1067 ’μεγάλων
836 1002 1037 1055 ἀπολιςθαίνειν
1061 1003 1138 1068 όμως
1161 1003 1206 1054 εὑ-

188 1093 266 1156 γενὲς
285 1091 454 1158 ἁμάρτημα,
491 1091 527 1159 (4)
547 1093 625 1144 κακοί
644 1092 675 1144 δέ
694 1093 772 1154 όγκοι
787 1093 831 1144 καί
845 1091 890 1143 έπί
904 1091 1040 1157 ςωμάτων
1055 1093 1100 1144 καί
1112 1092 1206 1155 λόγων

149 1194 175 1234 10
189 1182 215 1234 οί
238 1186 335 1247 χαῦνοι
359 1183 403 1234 καὶ
426 1181 572 1248 ἀναλήθεις
596 1183 640 1233 καὶ
664 1180 772 1246 μήποτε
790 1180 977 1246 περιιςτάντες
995 1182 1068 1246 ἡμᾶς
1086 1179 1124 1234 εἰς
1142 1181 1206 1233 τοὺ·

188 1270 313 1324 ναντίον·
340 1271 423 1323 οὐδέν
441 1270 507 1336 γάρ,
531 1270 610 1336 φαςί,
634 1270 786 1336 ξηρότερον
810 1270 978 1335 ὑδρωπικοὺ.
1016 1269 1085 1322 ἀλλὰ
1102 1270 1136 1322 τό
1156 1270 1206 1335 μέν

188 1359 284 1413 οἰδοὺν
301 1359 461 1426 ὑπεραίρειν
480 1359 607 1425 βούλεται
624 1359 660 1411 τά
678 1359 752 1425 ὕψη,
778 1359 811 1410 τό
831 1359 861 1411 δέ
881 1361 1059 1425 μειρακιῶδες
1077 1359 1206 1425 άντικρυς

188 1448 355 1502 ὑπεναντίον
372 1454 431 1502 τοῖς
450 1450 585 1514 μεγέθεςι·
611 1449 743 1501 ταπεινόν
762 1448 816 1514 γὰρ
835 1447 863 1501 ἐξ
882 1447 949 1500 όλου
969 1450 1013 1500 καλ
1033 1447 1207 1514 μικρόψυχον

188 1540 232 1590 καὶ
254 1542 295 1605 τῷ
320 1539 380 1590 δντι
403 1538 488 1590 κακόν
511 1537 721 1602 άγεννέςτατον.
760 1535 787 1590 τί
809 1536 874 1589 ποτ’
897 1537 947 1589 οὑν
970 1537 1004 1588 τό
1029 1537 1206 1602 μειρακιῶδές

148 1638 173 1678 ιο
188 1627 272 1690 έςτιν;
298 1629 316 1692 ἢ
341 1629 426 1693 δῆλον
450 1627 488 1679 ὡς
512 1628 672 1692 ςχολαςτικὴ
696 1627 803 1693 νόηςις,
826 1626 883 1678 ὑπὸ
906 1625 1062 1692 περιεργίας
1084 1625 1206 1691 λήγουςα

188 1714 226 1768 είς
258 1716 436 1782 ψυχρότητα;
469 1715 650 1768 όλιςθαίνουςι
682 1715 713 1767 δ’
745 1713 783 1767 εἰς
814 1719 900 1768 τοῦτο
931 1715 965 1767 τό
997 1715 1079 1778 γένος
1110 1714 1206 1782 ὀρεγό-

189 1821 266 1870 μενοι
299 1805 350 1869 μέν
381 1808 432 1857 τοῦ
464 1809 595 1871 περιττοῦ
628 1807 673 1857 καὶ
710 1804 899 1870 πεποιημένου
933 1806 978 1856 καὶ
1011 1804 1123 1869 μόλιςτα
1155 1807 1205 1854 τοῦ

109 1890 171 1944 8V.
186 1895 282 1960 ἡδέος,
306 1894 496 1947 έξοκέλλοντες
520 1894 550 1946 δέ
575 1891 613 1946 εἰς
635 1893 669 1945 τό
693 1894 817 1958 ῥωπικόν
840 1893 885 1945 καί
903 1893 1066 1959 κακόζηλον.
1088 1933 1115 1944 ..
1134 1892 1136 1958 ί
1155 1933 1160 1944 .
1177 1933 1205 1944 ..

129 1989 173 2046 IV
187 1981 237 2070 (1)
261 1985 398 2064 θατέρου
422 1987 458 2049 δέ
481 1984 528 2049 ὧν
553 1983 694 2063 εἴπομεν,
718 1984 804 2060 λέγω
829 1985 865 2048 δέ
883 1988 941 2048 τοὺ
961 1987 1100 2064 ψυχροῦ,
1124 1983 1204 2060 πλή-
1312 1981 1313 1985 ’

148 2112 174 2150 20
189 2113 245 2170 ρης
264 2091 436 2170 δΤίμαιος,
456 2091 537 2171 ἀνὴρ
556 2092 597 2156 τὰ
617 2093 674 2169 μέν
694 2089 777 2154 ἄλλα
796 2091 906 2155 ἱκανός
925 2092 976 2156 καὶ
995 2092 1077 2170 πρὸς
1096 2091 1205 2164 λόγων

188 2199 292 2263 ἐνίοτε
325 2198 458 2276 μέγεθος
491 2199 549 2262 οὐκ
582 2196 723 2276 ἄφορος,
761 2198 958 2275 πολυῖςτωρ,
996 2197 1206 2275 έπινοητικός,

188 2307 272 2383 πλὴν
296 2304 477 2383 ἀλλοτρίων
501 2306 558 2382 μέν
583 2304 852 2380 έλεγκτικώτατος
876 2304 1126 2383 ἁμαρτημάτων,
1150 2302 1205 2366 ἀν-

189 2413 376 2490 επαίςθητος
401 2413 436 2475 δέ
460 2411 562 2487 ἰδίων,
589 2410 654 2474 ὑπό
679 2412 714 2474 δέ
740 2409 860 2489 ἔρωτος
883 2415 942 2475 τοῦ
965 2411 1059 2476 ξένας
1082 2411 1207 2488 νοήςεις

188 2518 238 2583 ἀεὶ
261 2523 360 2583 κινεῖν
383 2518 537 2582 πολλάκις
560 2517 724 2582 ἐκπίπτων
749 2517 793 2581 εἰς
816 2519 855 2581 τὸ
881 2517 1206 2597 παιδαριωδέςτατον.

149 2621 239 2711 α(2)
267 2627 489 2704 παραθήςομαι
522 2627 558 2688 δέ
587 2623 725 2702 τάνδρὸς
750 2632 792 2698 (fr.
819 2639 869 2687 138
893 2631 1090 2698 FHG1227)
1121 2624 1156 2687 ἓν
1185 2623 1205 2700 ἢ

110 2732 257 2807 9V.b1'10,
279 2732 388 2809 ἐπειδὴ
412 2732 452 2794 τὰ
474 2731 576 2794 πλείω
599 2732 781 2810 προέλαβεν
806 2730 825 2794 δ
851 2731 1031 2795 Κεκίλιος.
1128 2727 1133 2814 Ι

189 2837 225 2903 (4)
243 2831 272 2888 τί
290 2836 335 2888 δεῖ
354 2834 419 2902 περὶ
439 2831 560 2901 Τιμαίου
583 2831 684 2902 λέγειν,
712 2831 784 2887 ὅπου
809 2851 839 2902 γε
862 2833 910 2886 καί
934 2830 961 2885 οί
984 2831 1072 2901 ἥρωες
1095 2832 1206 2898 ἐκεῖνον,

189 2925 361 2990 Ξενοφῶντα
378 2921 448 2991 λέγω
466 2922 515 2976 καί
530 2921 677 2989 Πλάτωνα,
697 2919 822 2991 καίτοιγε
836 2921 867 2976 ἐκ
881 2928 930 2990 τῆς
945 2919 1114 2988 Σωκράτους
1129 2919 1207 2981 ὄντες

189 3008 369 3078 παλαίστρας,
388 3007 461 3079 ὅμως
479 3008 528 3064 διὰ
546 3009 582 3064 τὰ
601 3008 687 3071 οὕτως
705 3017 861 3081 μικροχαρῆ
880 3029 949 3064 ποτε
968 3008 1074 3064 ἑαυτῶν
1093 3009 1206 3063 ἐπιλαν-

151 3116 176 3155 ω
190 3099 346 3166 δαίνυνται,
369 3099 384 3152 ὁ
404 3098 462 3166 μέν
485 3119 521 3169 γε
544 3097 579 3153 ἐν
601 3105 639 3168 τῇ
658 3095 944 3166 Λακεδαιμονίων
967 3096 1093 3167 γράφει
1111 3100 1206 3151 πολι-

261 3247 294 3295 26
314 3241 380 3295 uide
399 3240 433 3294 fr.
452 3246 518 3296 8όα.

262 3461 275 3507 1
304 3453 376 3523 ἀνὴρ
404 3455 483 3510 liber.
592 3461 608 3508 8
636 3455 761 3524 μεγάλων
791 3453 955 3521 Oolumbm,
988 3453 1097 3524 μεγάλω
1125 3452 1204 3507 liber.

191 3532 224 3580 18
244 3524 431 3591 έξοκέίλοντες
444 3526 476 3580 V.
493 3527 527 3580 de
541 3527 739 3594 Wilamowitz‚
759 3526 952 3587 ἐποκέίίοατες
966 3525 1045 3579 liber.
1120 3520 1206 3595 ῥωπι-

189 3598 240 3651 κόν
258 3598 293 3651 Is.
310 3597 435 3667 Vossius,
453 3595 572 3668 ῥυπτικὸν
590 3597 669 3652 liber.
