2666 3910
299 1187 616 1264 TESTIMONIA
644 1189 714 1262 DE
744 1188 983 1265 CAECILIO

201 1363 343 1429 Sv1ois:
375 1367 596 1447 Καικίλιος,
629 1368 872 1449 Σικελιώτης
902 1369 1150 1442 Καλακτῖνος

133 1471 304 1558 (Καλύκτη
334 1467 370 1536 δὲ
393 1474 490 1548 πόλις
512 1468 697 1558 Σικελίας),
726 1473 834 1557 ῥήτωρ
864 1473 1085 1558 σοφιστεύσας
1113 1471 1150 1536 ἐν

128 1579 232 1664 Ῥώμῃ
252 1577 305 1644 ἐπί
323 1588 383 1643 τοῦ
403 1581 576 1660 Σεβαστοῦ
597 1581 766 1662 Καίσαρος
785 1579 853 1663 [καλ
872 1579 934 1656 ἕως
950 1578 1148 1664 Ἀδριανού],

132 1684 187 1750 καλ
216 1685 280 1750 ἀπὸ
310 1686 456 1768 δούλων,
484 1687 529 1761 ὥς
555 1709 643 1761 τινες
672 1687 879 1770 ἱστορήκασι,
904 1687 958 1751 καί
986 1688 1151 1770 πρότερον

132 1789 194 1873 μὲν
223 1793 427 1876 καλούμενος
457 1790 668 1876 Ἀρχάγαθος,
701 1793 762 1875 τὴν
790 1793 827 1857 δὲ
855 1791 955 1870 δόξαν
979 1791 1150 1868 Ἰουδαῖος.
1177 1814 1190 1852 5

132 1900 246 1980 βιβλία
272 1897 301 1963 δ’
330 1899 433 1963 αύτοῦ
457 1899 576 1962 πολλά·
607 1900 701 1963 Κατὰ
731 1903 878 1984 Φρυγῶν
906 1899 981 1963 δύο·
1015 1896 1085 1964 ἔστι
1114 1896 1149 1963 δὲ

132 2006 215 2070 κατὰ
242 2015 406 2089 στοιχεῖον
434 2004 600 2082 ἀπόδειξις
629 2014 689 2070 τοῦ
721 2007 878 2091 εἰρῆσθαι
909 2015 1020 2071 πᾶσαν
1052 2003 1149 2082 λέξιν.

132 2112 453 2196 Καλλιρρημοσύνης
477 2131 506 2170 *⁸
530 2109 599 2176 ἔστι
623 2108 660 2176 δὲ
684 2112 802 2195 ἐκλογὴ
823 2111 942 2190 λέξεων
960 2114 1042 2176 κατὰ
1063 2128 1150 2177 στοι-

133 2228 233 2302 χεῑον.
275 2219 460 2303 Σύγκρισις
483 2217 726 2302 Δημοσθένους
752 2220 807 2282 καλ
831 2219 1030 2303 Κικέρωνος.
1077 2221 1150 2284 Ίίνι

133 2324 285 2408 διαφέρει
317 2323 335 2389 ὁ
370 2324 507 2402 Ἀττικὸς
539 2329 634 2409 ζῆλος
666 2334 726 2390 τού
758 2324 920 2391 Ἀσιανοῦ.
968 2326 1052 2411 Περὶ
1088 2334 1149 2390 τοῦ
1165 2347 1189 2384 10

132 2441 336 2515 χαρακτῆρος
363 2443 430 2497 τῶν
457 2431 535 2496 δέκα
562 2432 719 2516 ρητόρων.
766 2433 950 2517 Σύγκρισις
973 2431 1150 2515 Δημοσθέ-

132 2562 213 2614 νους
242 2538 296 2603 καλ
322 2541 497 2623 Αἰσχίνου.
543 2537 628 2622 Περὶ
656 2537 899 2623 Δημοσθένους
925 2550 1017 2604 τοῖοι
1045 2539 1149 2604 αὐτοῦ

131 2647 264 2728 γνήσιοι
295 2647 387 2729 λόγοι
410 2643 465 2710 καὶ
488 2655 580 2710 ποῖοι
603 2647 712 2710 νόθοι.
758 2644 843 2731 Περὶ
867 2644 1034 2710 τῶνκαθ’
1063 2647 1148 2710 λστο-

132 2753 210 2836 ρίαν
239 2750 259 2834 ἢ
291 2748 368 2836 παρ’
403 2753 553 2836 ἱστορίαν
586 2751 770 2836 εἰρημένων
802 2763 872 2828 τοῖς
903 2753 1050 2836 ῥήτορσι.
1095 2751 1145 2816 καὶ

205 3004 218 3051 1
239 2995 357 3060 κεκίλιος
374 2997 449 3050 libri.
521 2996 716 3061 Καλαντιανύς
733 2998 807 3052 libri.
880 3004 896 3050 2
915 2997 1056 3058 Κύλαντις
1073 2997 1147 3050 libri.

131 3073 149 3120 4
172 3068 322 3138 Hermippi
344 3068 452 3136 Beryiii
474 3068 578 3123 librum
604 3071 675 3138 Περὶ
699 3078 754 3123 τῶν
781 3069 1000 3138 διατριψάντων
1026 3064 1057 3122 ἐν
1082 3087 1148 3122 παι-

132 3138 196 3194 δεία
214 3141 322 3194 δούλων
345 3140 453 3195 fontem
476 3156 536 3194 esso
558 3139 669 3194 Curtius
690 3139 875 3195 Waohsmuth
900 3140 951 3210 (De
970 3139 1095 3194 fontibus
1115 3157 1149 3194 ox

131 3195 235 3279 quibus
254 3210 355 3265 Suidas
378 3211 408 3264 in
432 3211 599 3280 scriptorum
623 3211 792 3266 Graecorum
815 3211 882 3265 uitis
906 3210 1032 3264 hauserit
1055 3210 1147 3264 obser-

130 3282 261 3336 uationes
284 3299 335 3351 per
357 3286 482 3336 saiuram
505 3282 611 3349 factae,
635 3282 768 3351 Symbola
791 3282 997 3351 philologorum
1020 3281 1147 3335 Bonnen-

131 3353 204 3406 sium
230 3353 259 3406 in
285 3353 419 3409 honorem
444 3353 488 3408 rr.
507 3353 657 3407 Ritsohelii
683 3354 808 3408 collecta.
838 3353 951 3423 Lipsiae
972 3357 1146 3406 1864-1867

131 3441 158 3493 p.
176 3427 326 3494 135—152)
340 3443 367 3494 p.
384 3431 434 3479 141
447 3442 473 3477 ιε
492 3425 633 3494 probauit.
707 3431 722 3478 6
741 3427 806 3494 posi
825 3425 876 3479 δύο
896 3425 998 3478 lacuna
1016 3441 1073 3478 non
1092 3426 1147 3488 osb

131 3495 204 3549 κατὰ
224 3499 341 3566 Φρυγῶν
359 3496 460 3550 titulus
479 3495 563 3550 lexioi
581 3495 682 3565 prioris
702 3499 752 3551 est.
839 3502 855 3549 8
874 3499 939 3565 posi
957 3498 1148 3564 Καλλιρρημο-

131 3567 217 3635 σύνης
236 3567 315 3621 deest
333 3585 463 3621 numerus
481 3567 617 3621 librorum
635 3566 718 3622 loxioi
737 3568 908 3637 posterioris.

186 3666 286 3730 caecilii·
294 3667 407 3708 Galaofini
420 3669 555 3718 fragmenta.
972 3663 985 3708 1
