2666 3910
190 155 231 218 10
496 157 546 206 ΙΙΙ.
566 156 691 204 ΤΕΧΝΗ
709 155 895 205 PHTOPIKH

184 332 297 381 monem,
315 320 422 368 secatus
440 316 471 367 ia
489 315 538 368 hoe
556 315 746 368 auctoritatem
760 315 947 381 praeceptoris
964 313 1018 378 aui,
1037 329 1203 380 quamquam

184 404 327 460 dissentire
345 405 380 458 ab
399 420 428 458 eo
447 419 503 456 non
521 403 615 456 timide
633 403 705 457 solet.
735 403 790 470 (63)
809 418 926 470 nomque
944 401 1104 456 Ariewtem
1122 399 1202 468 (rhet.

184 499 266 547 11112
284 511 311 562 p.
329 499 411 546 1414·
425 497 458 544 11
467 494 489 560 s)
508 492 636 546 idoneam
653 492 772 546 manime
790 492 828 546 αά
846 491 1018 545 scribendum
1036 491 1202 544 ammira-

185 585 273 637 tiuom
287 583 498 651 proximamque
516 583 551 636 ab
570 597 602 635 ea
620 580 778 635 iudicialem
792 583 916 650 putauit,
935 582 988 633 ete.

231 713 233 718 ⁸
255 725 330 777 hune
348 724 441 777 locum
460 724 628 777 Aneneunun
645 721 664 775 1.
681 739 702 775 ο.
720 739 747 790 p.
764 727 797 774 37
813 725 867 791 (52)
887 721 1010 777 Caecilio
1030 720 1201 789 adsignauit.

185 831 218 868 ea
241 817 348 879 autem,
375 829 448 882 quae
472 813 548 881 apud
572 810 779 876 Quintilianum
802 813 947 874 secuntur,
975 809 1063 864 uerba
1086 803 1135 862 ills
1158 809 1203 862 uir

185 903 283 957 doetus
304 901 449 956 Calaetino
469 899 653 954 abiudieauit.

157 1128 170 1168 5
233 1108 298 1174 *13
319 1115 440 1180 (tmen.
461 1123 494 1169 111
514 1121 538 1181 9,
554 1119 583 1167 5:
603 1117 699 1168 tamen
717 1129 769 1167 nee
788 1113 823 1166 ii·
843 1113 998 1180 adsentior,
1018 1112 1067 1182 qni
1087 1113 1201 1167 detra-

184 1205 270 1258 hunt
288 1204 551 1271 refutationem,
575 1206 746 1269 tamquam
770 1201 974 1271 probationi
997 1202 1202 1267 subiectam,

183 1296 220 1347 ut
238 1292 449 1347 Aristoteles
469 1292 549 1361 (rhet.
569 1298 650 1345 11113
670 1310 697 1360 p.
715 1291 797 1344 1414¹³
813 1293 851 1360 9):
871 1291 942 1345 haee
961 1290 1036 1345 enim
1055 1293 1110 1358 est,
1129 1307 1202 1358 quae

184 1382 347 1448 constituat,
362 1381 420 1447 illa,
435 1397 508 1448 quae
523 1382 658 1434 destruat.
696 1380 758 1434 hoe
773 1396 906 1449 quoque
920 1379 1010 1433 idem
1024 1380 1104 1449 (rhet.
1121 1388 1153 1434 111
1169 1385 1202 1432 13

183 1490 210 1541 p.
228 1471 352 1540 14141‘7)
372 1470 595 1538 aliquatenus
614 1471 733 1535 nouat,
752 1469 842 1537 quod
855 1469 1029 1538 prooemio
1044 1486 1110 1524 non
1123 1487 1202 1522 nar-

144 1574 170 1613 10
184 1559 354 1614 rationem
388 1559 580 1627 subiungit,
614 1560 672 1613 sed
702 1557 985 1627 propositionem.
1023 1575 1139 1612 uerum
1167 1556 1202 1610 id

184 1648 283 1717 facit,
307 1649 388 1718 quia
411 1648 607 1718 propositio
627 1648 657 1702 ei
676 1664 797 1718 genus,
820 1647 976 1700 narratio
997 1646 1132 1716 speeies
1151 1646 1202 1699 ui·

184 1739 296 1806 detur,
315 1741 349 1791 et
366 1738 429 1790 hac
447 1753 512 1790 non
532 1753 676 1806 semper,
698 1736 762 1790 illa
781 1753 913 1804 semper
932 1739 965 1790 et
983 1736 1111 1804 ubique
1132 1752 1202 1788 ere-

185 1828 237 1881 dit
255 1844 338 1896 opus
358 1842 439 1880 esse.

254 1969 338 2022 huius
352 1968 408 2022 loei
418 1971 562 2022 auctorem
577 1985 637 2022 esse
648 1967 801 2022 Caecilium
808 1969 995 2021 Aueueueuuo
1012 1967 1038 2036 (l.
1051 1985 1073 2022 e.
1084 1986 1110 2036 p.
1123 1971 1201 2035 eles)

183 2060 336 2127 praeeunte
356 2057 520 2111 dubitanter
540 2057 715 2112 crediderim.

233 2263 298 2329 *14
327 2272 475 2324 Anonunvs
501 2287 681 2324 snevnmnuvs
708 2271 867 2342 [coanvrvs]
888 2276 902 2322 ’1
930 2288 956 2338 p.
977 2276 1002 2336 2,
1022 2275 1038 2322 8
1062 2268 1201 2322 Graeven:

144 2373 169 2414 15
183 2362 351 2428 λαμβάνεται
370 2363 399 2414 δέ
418 2362 453 2414 τά
471 2359 602 2427 προοίμια
621 2361 652 2413 έκ
669 2361 810 2427 τεςςάρων
827 2362 950 2413 τούτων·
976 2360 1007 2412 ἐκ
1028 2363 1080 2411 τοῦ
1104 2359 1201 2424 αὐτοῦ,

184 2452 214 2504 έκ
236 2456 288 2504 τοῦ
312 2451 466 2517 ἀντιδίκου,
491 2451 598 2503 ἐκτῶν
617 2451 801 2516 δικαζόντων,
828 2450 935 2502 ἐκτῶν
954 2449 1134 2515 πραγμάτων.
1171 2447 1202 2500 ἐκ

182 2545 233 2593 τοῦ
249 2541 345 2606 αὐτοῦ,
361 2541 400 2592 ὡς
414 2540 596 2605 Δημοςθένης
611 2539 696 2606 ἐντῷ
712 2539 786 2592 Κατό
801 2539 929 2592 Κόνωνα(
944 2539 1003 2605 (LIV
1020 2540 1045 2604 1)
1061 2536 1201 2604 ‘ilsspeurc'.

183 2630 217 2682 ἂν
237 2628 263 2681 δ’
281 2629 351 2694 ὑπὲρ
375 2630 472 2694 έτέρου
497 2630 591 2697 λέγῃς,
616 2631 660 2681 κα1
683 2633 769 2680 τοῦτο
794 2626 1014 2692 έπιςημαίνεςθαι
1033 2628 1085 2692 tet,
1110 2627 1201 2692 ὥςπερ
1249 2637 1253 2644 ·

182 2717 317 2783 πεποίηκε
346 2717 444 2770 Λυςίας
473 2715 516 2786 (fr.
542 2720 575 2767 76
599 2715 710 2782 Thalh.)
738 2718 829 2781 λέγων
863 2715 1029 2781 (ἐπιτήδειός
1058 2715 1103 2780 μοί
1130 2715 1201 2767 ἐςτιν

143 2819 168 2858 ao
183 2807 335 2872 Ἄρχιππος
355 2806 456 2872 otenel,
484 2807 507 2859 ὡ
527 2807 625 2872 ἄνδρες
644 2805 786 2858 δικαςτα1’,
825 2805 856 2857 ἐκ
873 2808 924 2856 τοῦ
945 2804 1093 2870 ἀντιδίκου,
1113 2805 1152 2856 άις
1171 2803 1201 2855 ἐν

182 2901 223 2963 τῷ
244 2896 318 2949 Κατὰ
337 2896 453 2948 Μειδίου
474 2899 539 2963 (XXI
556 2896 580 2961 1)
606 2894 670 2960 ‘rip
695 2895 744 2959 μέν
769 2892 930 2957 ἀςέλγειαν’.
968 2893 999 2945 ἐκ
1021 2897 1080 2945 τῶν
1104 2891 1200 2960 ἐκείνῳ

183 2983 442 3050 ςυναγορευόντων,
467 2985 506 3036 ὡς
529 2984 711 3049 Δημοςθένης
730 2983 771 3052 (LI
786 2984 811 3048 1)
832 2981 868 3035 ‘et
892 2983 941 3047 μέν
966 2983 1057 3034 οὕτως
1082 2983 1202 3034 πλεῑςτοι

183 3071 344 3137 ςυνείποιεν,
364 3073 388 3124 ὠ
408 3072 515 3138 βουλὴ’.
554 3073 584 3124 έκ
603 3073 633 3124 δέ
652 3076 711 3124 τῶν
729 3071 914 3137 πραγμάτων,
934 3072 973 3123 άις
992 3071 1153 3137 Λυκοῦργος
1171 3070 1202 3122 ἐν

182 3165 222 3228 τῷ
239 3161 303 3214 Κατ’
317 3161 478 3214 Αὐτολύκου
494 3160 536 3230 (ir.
553 3166 586 3213 13
601 3159 654 3228 Β1.)
671 3160 794 3213 ’πολλῶν
808 3160 862 3227 [δέ]
878 3162 922 3212 κα1
938 3159 1066 3225 μεγάλων
1081 3159 1201 3222 ἀγώνων

143 3262 168 3302 ιο
182 3249 400 3315 εἰςεληλυθότων
428 3251 564 3305 οὐδέποτε
592 3252 655 3315 περὶ
683 3249 818 3315 μειζόνων
845 3251 928 3315 ἣκετε
956 3247 1133 3302 δικάςοντες’.
1171 3247 1202 3300 ἐκ

255 3467 288 3514 15
303 3464 332 3515 et
347 3467 379 3515 17
401 3461 505 3516 ἐκτῶν
525 3461 611 3514 αὑτοῦ
629 3459 758 3529 Spengel.
832 3466 865 3512 22
886 3458 984 3530 οὕτως]
1006 3456 1059 3532 lep
1079 3458 1202 3530 Spengel

184 3550 216 3585 rx
235 3533 313 3587 Dem.
388 3540 421 3586 24
440 3532 472 3588 a
490 3531 555 3586 seel.
576 3531 709 3586 Graaven.
