2664 3906
273 230 334 280 ΧΠ.
353 229 507 280 ΕΚΛΟΓΗ
526 226 675 285 ΛΕΞΕΩΝ
694 229 790 280 ΚΑΤΑ
808 229 1009 280 ΣΤΟΙΧΕΙΟΝ
1083 227 1147 291 163

201 387 266 441 Lxx.
287 405 307 440 s.
329 407 415 448 vaw.
436 406 463 456 p.
484 391 545 453 259,
566 395 603 441 1:'
620 389 831 442 ἐπιδανεῖςαι
855 388 882 442 τί
905 390 989 453 ἐςτιν;
1017 389 1086 442 ὅταν
1105 391 1148 442 δε-

130 479 291 531 δανεικότος
309 478 386 531 τινὸς
404 480 449 530 καί
468 479 695 545 ἐνεχυριάςαντος
714 476 804 532 οἰκίαν
822 481 840 544 ἢ
860 478 971 546 χωρίον,
992 477 1146 545 ἐπιδανείςῃ

130 583 172 620 τις
191 563 286 633 ἕτερος
305 567 349 619 ἐπὶ
366 567 425 620 τοῖς
444 568 540 620 αὐτοῖς
558 568 705 634 ἐνεχύροις,
725 567 891 621 ἐπιδανεῑςαι
909 567 1025 631 λέγεται.

201 680 312 735 θνιοκεε
336 681 483 735 ἐπίδικα·
508 681 549 736 οἷς
573 683 607 736 ἄν
630 699 671 736 τις
691 683 879 750 ἐπεδικάζετο,
903 683 942 735 ιίις
962 679 1147 750 προςήκουςιν

129 773 208 841 αὐτῷ
227 773 297 825 κατὰ
315 773 415 835 γένους
433 771 601 839 ἀγχιςτείαν,
626 771 649 825 εἰ
673 773 709 837 μή
731 772 786 826 εἷεν
805 772 872 825 υίεῑς
890 774 907 838 ἢ
927 771 1024 825 υἱωνοί
1042 776 1083 839 τῷ
1102 788 1146 824 τε·
1174 785 1187 825 5

129 861 308 927 τελευτηκότι
328 860 397 926 μήτε
418 862 472 926 μὴν
492 863 627 928 διαθῆκαι,
647 865 736 914 ταῦτα
755 861 863 914 ἐπίδικα
881 863 1011 914 καλεῖται,

201 974 299 1028 Βνιοκα
319 974 364 1044 (cf.
383 974 436 1029 lex.
457 975 483 1028 S.
502 975 590 1043 quini.
606 993 633 1045 ρ.
649 980 710 1039 216,
726 977 783 1045 25):
803 978 856 1030 ἐπί
876 976 1006 1044 καλάμῃ
1026 976 1145 1042 ἀροῦν

129 1066 193 1118 ἐθυς
219 1066 273 1118 ἐςτί
298 1071 356 1118 τοῖς
380 1071 516 1132 γεωργοῖς
541 1065 607 1132 παρ’
625 1066 754 1118 ἐνιαυτὸν
780 1065 868 1133 ἀργὸν
894 1065 1068 1118 καταλείπειν
1093 1067 1146 1130 τὴν

127 1157 195 1221 γῆν,
220 1156 297 1207 ὅπως
321 1155 468 1221 ἀκεραίους
492 1155 614 1222 ἐκτρέφῃ
637 1155 705 1208 τοὺς
728 1155 864 1221 καρπούς,
889 1156 928 1207 ὡς
948 1156 984 1220 μὴ
1004 1154 1065 1207 κατ’
1084 1156 1146 1207 ἔτος

127 1248 187 1297 τοῖς
210 1244 340 1310 ςπέρμαςι
363 1249 486 1298 πονοῖτο.
524 1243 623 1297 Λυςίας
647 1244 677 1296 ἐν
699 1249 741 1312 τῷ
764 1243 842 1310 Πρὸς
864 1244 1046 1309 Τληπόλεμον
1069 1243 1144 1310 λόγῳ
1160 1258 1186 1298 ω

129 1332 284 1397 διαβάλλων
307 1333 369 1386 τινὰ
392 1337 451 1385 τῶν
470 1332 618 1398 ἀπλήςτων
637 1336 772 1398 γεωργῶν
790 1333 825 1386 τά
845 1333 875 1384 ἐν
893 1337 928 1400 τῇ
946 1338 982 1400 γῇ
1003 1333 1145 1398 καταχρώ-

130 1437 214 1484 μενον
250 1424 295 1475 καί
332 1421 393 1474 κατ’
420 1423 483 1474 ἐτος
514 1421 726 1476 ἐξαναλίςκοντα
756 1423 810 1487 τὴν
837 1420 914 1487 ἰςχὺν
942 1421 1029 1486 αὐτῆς
1061 1420 1145 1487 φηςίν

129 1507 168 1576 (fr.
193 1514 244 1561 212
263 1508 341 1576 Tur.;
362 1515 394 1562 77
415 1508 526 1578 Thalh.)
551 1510 656 1564 ‘oirod
680 1511 711 1563 δέ
734 1512 841 1576 πυροὺς
864 1510 908 1563 ἐπί
932 1509 1040 1577 καλάμῃ
1060 1509 1143 1576 ἀροῑ’.

127 1600 269 1653 τουτέςτιν
288 1600 330 1652 ἀεὶ
349 1599 468 1666 ςπείρων
487 1599 620 1664 οὐδεμίαν
639 1600 729 1652 άνεςιν
747 1605 782 1676 τῃ
801 1605 837 1666 γη
857 1598 975 1652 δίδωςιν.

200 1713 310 1767 Sume:
339 1714 532 1782 ἐπίκληρος·
560 1715 630 1769 ὅταν
657 1720 720 1767 παῖς
748 1715 860 1781 ὀρφανὴ
888 1715 993 1781 πατρὸς
1022 1717 1066 1767 καί
1095 1731 1144 1780 μη·
1159 1729 1184 1769 ιο

126 1805 193 1870 τρός
222 1804 354 1870 ἀδελφῶν
384 1820 415 1856 τε
445 1804 514 1856 οὖςα
545 1805 648 1870 ἐρημος
677 1805 723 1855 καί
751 1804 841 1871 ταύτῃ
871 1805 942 1871 τύχῃ
973 1805 1141 1869 ὑποκειμένη

128 1891 218 1960 οὐςία,
241 1893 348 1958 ταύτην
372 1895 499 1946 καλοῡςιν
525 1892 681 1959 ἐπίκληρον.
719 1892 824 1956 ὁμοίως
843 1894 874 1946 δέ
892 1895 937 1945 καί
955 1895 1008 1958 τὴν
1026 1893 1082 1958 ἤδη
1100 1909 1144 1956 γε-.

11 1989 28 2042 ,’
127 1983 304 2048 γαμημένην,
329 1983 397 2034 ὅταν
421 1983 438 2050 i]
463 1981 508 2034 ἐπί
530 1987 564 2049 τῇ
589 1981 667 2049 οὐείᾳ
691 1982 742 2049 ὅλῃ
762 1982 1008 2047 καταλελειμμένῃ
1033 1983 1144 2034 καλοῡςι

127 2071 180 2137 γὰρ
199 2073 244 2122 καί
262 2072 314 2135 τὴν
334 2069 429 2122 οὐςίαν
447 2072 558 2137 κλῆρον.
593 2073 714 2123 καλεῖται
729 2071 759 2123 δέ
775 2070 921 2136 ἐπίκληρος
935 2072 1011 2136 καίή
1028 2072 1143 2137 μηδέπω

126 2160 319 2225 γεγαμημένη,
344 2159 413 2212 ἀλλὰ
436 2160 511 2225 παρὰ
533 2164 575 2226 τῷ
599 2161 683 2225 πατρί
706 2159 786 2226 οὗςα,
813 2159 911 2212 καθότι
934 2159 1048 2224 καθήκει
1072 2160 1143 2227 αὐτῇ
1158 2175 1184 2214 20

127 2251 200 2300 πᾱςα
219 2249 236 2313 ἠ
257 2247 343 2300 οὐςία.
381 2250 531 2302 καλοῦνται
548 2250 578 2302 δέ
593 2247 742 2315 ἐπίκληροι,
763 2249 815 2300 κάν
829 2249 880 2301 δύο
895 2249 944 2301 ῶςι
958 2249 1009 2300 κάν
1023 2248 1142 2301 πλείους.

126 2337 199 2389 τινές
218 2337 248 2389 δέ
266 2339 319 2402 τὴν
338 2336 485 2403 ἐπίκληρον
505 2339 633 2389 καλοθςιν
653 2337 837 2402 ἐπιπαματίδα
856 2339 900 2389 καί
919 2342 1087 2404 πατροῦχον.
1180 2374 1185 2386 .

198 2450 263 2506 Lxx.
284 2470 304 2504 s.
325 2471 412 2512 ονιυα,
432 2469 459 2519 p.
481 2456 540 2518 260,
561 2455 607 2504 23:
636 2452 885 2519 ἐπικληρωτόν’
912 2453 1087 2519 δικαςτὴριον
1113 2454 1143 2506 ἐν

127 2541 197 2610 ᾠοί
216 2542 402 2608 λαγχάνοντες
422 2542 570 2597 δικάζουςι’
595 2542 628 2594 τὸ
651 2542 705 2607 γὰρ
729 2544 812 2608 χωρίς
835 2541 939 2607 κλήρου
963 2541 1095 2607 πράττειν
1117 2559 1143 2594 τι

127 2633 172 2683 καί
192 2633 228 2696 μὴ
248 2631 369 2696 λαχόντα
388 2631 528 2697 άκληρωτί
546 2631 679 2694 λέγουςιν.
1158 2645 1183 2684 κο

198 2753 262 2806 Lux.
273 2772 293 2806 s.
303 2771 396 2814 va.
405 2771 432 2821 p.
443 2757 502 2818 187,
511 2758 558 2808 20:
569 2753 766 2821 ἐπίληπτος·
778 2756 793 2807 δ
804 2760 894 2808 νοςῶν
903 2758 956 2821 τὴν
965 2755 1042 2821 ἱεράν
1051 2756 1142 2808 νόςον.

199 2877 297 2932 Svms
312 2877 357 2947 (cf.
370 2877 422 2932 lex.
434 2877 460 2931 S.
471 2880 562 2945 quart.
573 2896 600 2946 p.
612 2882 671 2946 188,
683 2880 726 2945 22)
743 2878 788 2948 [=
803 2877 918 2931 Aristoi.
933 2878 1031 2932 histor.
1045 2878 1079 2931 fr.
1091 2884 1141 2931 437

126 2966 223 3038 Rose]:
257 2968 452 3034 ἐπιςτάτης·
485 2973 544 3022 τῶν
571 2969 737 3035 πρυτάνεων
765 2966 805 3020 είς
833 2970 847 3018 δ
876 2970 969 3033 λαχὼν
997 2969 1143 3034 ἐπιςτάτης

126 3057 245 3121 ἐλέγετο.
283 3059 323 3109 δίς
347 3057 377 3108 δέ
400 3058 451 3110 τὸν
474 3057 562 3110 αὐτὸν
585 3058 760 3121 ἐπιετατῆςαι
781 3057 833 3109 οὐκ
852 3058 925 3124 ἐξῆν.
963 3058 1093 3124 φυλάςςει
1112 3059 1143 3111 δέ

125 3151 176 3199 τοῦ
195 3145 271 3212 ἱεροί)
291 3147 341 3198 τὰς
360 3148 440 3212 κλεῖς,
460 3148 491 3200 ἐν
510 3147 533 3214 ᾧ
552 3147 587 3198 τὰ
607 3146 723 3212 δημόςια
742 3144 879 3213 χρήματα,
899 3147 940 3198 ἔτι
959 3148 1015 3211 μὴν
1032 3148 1076 3199 καί
1089 3148 1142 3212 τὴν
1157 3159 1184 3199 ω

126 3234 260 3302 δημοςίαν
286 3237 430 3302 ςφραγθδα.
468 3237 581 3289 ἐπειδὰν
607 3237 637 3288 δέ
663 3234 689 3288 οἱ
714 3233 863 3301 πρυτάνεις
890 3236 1063 3299 ςυναγάγωςι
1089 3237 1142 3300 τήν

126 3325 230 3389 βουλὴν
248 3325 266 3390 ἢ
285 3324 336 3376 τὸν
356 3324 457 3390 δῆμον,
484 3326 500 3377 ὁ
519 3324 665 3390 ἐπιςτάτης
685 3327 781 3389 κληροῖ
799 3324 954 3389 προέδρους
973 3324 1066 3391 ἐννέα,
1086 3324 1142 3376 ἀπὸ

193 3470 226 3518 10
239 3461 417 3534 Τληπόλεμον
427 3464 547 3533 Sauppe,
557 3463 730 3534 τακπόλεμον
740 3463 868 3532 plerique
878 3464 987 3518 codices
998 3465 1032 3533 (A
1040 3463 1139 3531 BVE).

125 3535 297 3676 ἒίῃάὲἕῖαάυγὴ
324 3527 384 3608 (ᾖ)
410 3535 582 3605 Bernhatdy.
674 3543 707 3589 22
735 3533 941 3605 ἐαιπταματίδα
965 3534 1045 3602 libri,
1071 3552 1140 3589 corr.

841 3663 846 3674 ⁸
928 3695 979 3748 11*
