2666 3910
424 239 473 288 III.
494 239 618 288 TEXNH
638 239 822 288 PHTOPIKH
1091 234 1130 298 19

118 395 351 468 παρακείμενα
366 397 467 470 αὐτῷ·
488 393 705 464 ἐτυμολογία,
719 398 939 464 παρώνυμον,
955 393 1132 462 ἐπίθετον,

117 483 396 553 ὑποκοριστικόν·
421 485 537 538 κάλ’ἐκ
556 485 684 538 τούτων
703 483 765 554 γάρ
785 483 1033 555 ἐπιχειρήματα
1051 489 1131 552 λαμ-

118 575 264 648 βάνεται.
294 576 367 645 (173)
384 575 401 643 ἡ
420 575 455 628 δὲ
475 571 647 642 διαίρεσις
664 580 762 642 τριχῆ
780 575 837 627 καλ
857 573 941 642 αὐτη
961 572 1132 641 τέμνεται,

118 664 163 726 είς
181 683 214 718 τε
233 664 292 732 τὴν
311 661 568 732 καταρίθμησιν
587 663 644 716 καλ
664 662 712 726 είς
729 663 787 717 τὸν
807 663 984 734 μερισλμὸν
1004 663 1061 716 καί
1080 662 1129 725 είς
1144 667 1177 715 33
1192 661 1238 717 Gr.
1324 691 1325 696 =

117 755 174 823 τὴν
208 753 343 822 εἰδικὴν
375 749 556 818 διαίρεσιν.
600 752 670 806 ἐστι
703 751 738 806 δέ
772 749 1027 820 καταρίθμησις
1059 750 1131 820 μέν,
1159 765 1172 807 σ

118 841 197 896 ὅταν
221 841 327 910 ὄνομα
350 838 455 910 μόνον
480 840 643 913 <κοινδν>
666 839 813 911 ὑπάρχῃ,
837 849 974 910 πρᾶγμα
998 841 1032 894 δὲ
1058 839 1132 893 διά·

117 950 232 1000 φορον.
269 930 430 1000 μερισμὸς
457 928 506 996 δέ,
539 927 621 984 ὅταν
653 929 773 983 κοινὸν
802 921 819 1000 ᾗ
848 930 905 983 καλ
937 927 1043 998 όνομα
1076 932 1132 982 καὶ

117 1028 265 1091 πρᾶγμα,
293 1018 398 1100 μόνον
424 1019 459 1072 δέ
485 1019 546 1088 την
572 1017 663 1084 λέξιν
690 1017 861 1087 διάφορον
888 1018 953 1090 ἐχη.
992 1020 1069 1086 περὶ
1097 1019 1132 1073 δὲ

116 1116 174 1178 τῆς
211 1109 343 1178 είδικῆς
380 1107 580 1176 διαιρέσεως
617 1109 661 1170 ὡς
698 1116 828 1176 σαφοῦς
866 1105 1130 1177 παραλείπομεν.

119 1199 189 1269 (174)
213 1198 230 1266 ἡ
256 1198 291 1252 δὲ
320 1197 515 1266 παράθεσις
542 1197 599 1251 καλ
627 1197 711 1266 αὐτὴ
738 1205 835 1266 τριχῆ
864 1195 1085 1268 λαμβάνεται·
1115 1194 1173 1265 ἢιο

117 1286 201 1341 κατά
228 1287 263 1340 τὸ
291 1289 430 1356 μᾶλλον,
459 1283 476 1354 ἢ
504 1285 589 1340 κατά
617 1286 653 1340 τὸ
682 1281 797 1355 ἧττον,
830 1284 846 1354 ἢ
876 1285 960 1340 κατά
986 1287 1022 1340 τὸ
1048 1285 1131 1340 ίσον.

118 1375 226 1445 (115)ἡ
255 1375 290 1431 δὲ
318 1373 495 1446 συστοιχία
523 1375 729 1444 πραγμάτων
755 1373 942 1431 κοινωνίαν
971 1377 1027 1429 καλ
1056 1375 1132 1429 ὀνο-

117 1463 228 1533 μάτων
248 1468 355 1533 δηλοῑ·
384 1472 578 1534 συστοιχεῑν
597 1463 658 1534 γάρ
678 1463 836 1532 ἀλλήλοις
854 1463 995 1533 λέγομεν
1014 1465 1055 1525 ὡς
1073 1465 1133 1533 τὴν

117 1551 285 1621 φρόνησιν
304 1553 436 1608 καὶτὸν
456 1551 635 1622 φρόνιμον.
670 1555 743 1624 (176)
762 1553 779 1622 ἡ
800 1553 835 1608 δὲ
855 1553 997 1624 περιοχὴ
1018 1556 1131 1621 διπλῆ·

117 1641 213 1712 ἀμέν
233 1642 293 1710 γάρ
314 1640 454 1711 ὡςμέρη
479 1638 635 1713 [γίνεται]
659 1641 868 1712 περιέχεται,
894 1641 911 1694 ἀ
933 1642 968 1696 δὲ
988 1643 1029 1705 ὡς
1047 1641 1132 1695 κατά
1147 1656 1173 1696 15

117 1731 272 1799 δύναμιν.
301 1730 404 1801 (177)δ
423 1731 459 1786 δέ
479 1731 514 1785 ἐκ
532 1739 596 1784 τῶν
616 1729 742 1800 ὁμοίων
762 1729 865 1793 τόπος
883 1733 939 1785 καλ
959 1732 1061 1794 αὐτὸς
1080 1733 1134 1785 δι-

117 1823 232 1882 πλοῦς
259 1821 294 1874 τὸ
319 1820 378 1890 μὲν
401 1819 462 1889 γάρ
482 1819 568 1874 κατά
587 1820 646 1889 τὴν
664 1819 831 1888 ποιότητα
852 1818 972 1890 ὅμοιόν
992 1820 1074 1886 ἐστι,
1098 1821 1133 1874 τὸ

110 1909 152 1962 δὲ
168 1908 252 1962 κατά
266 1909 325 1977 την
340 1905 544 1978 ἀναλογίαν,
564 1907 645 1977 ὅπερ
661 1910 710 1972 εἰς
723 1909 782 1972 τάς
797 1906 995 1973 ἀποδείξεις
1009 1912 1134 1977 μᾶλλον

117 1996 284 2067 ἁρμόττει.
315 2001 387 2068 (178)
403 1999 440 2053 τὸ
460 1997 495 2053 δέ
514 1997 757 2068 παρεπόμενον
778 1999 845 2070 ἐχει
865 1997 1013 2066 τρόπους
1031 2007 1133 2066 τρεῖς,

116 2086 156 2140 τά
179 2088 243 2155 πρὸ
266 2097 324 2141 τοῦ
348 2087 558 2157 πράγματος,
584 2087 623 2142 τά
650 2087 685 2142 ἐν
710 2092 751 2158 τῷ
777 2088 963 2157 πράγματι,
988 2087 1027 2141 τά
1053 2087 1174 2156 μετάεο

117 2177 152 2230 τὸ
171 2184 317 2246 πρᾶγμα.
350 2177 421 2246 (119)
441 2177 501 2244 τὴν
520 2178 556 2232 δέ
576 2174 685 2248 μάχην
706 2177 739 2231 ἐν
759 2177 926 2243 τοῖςπερὶ
946 2175 1109 2243 εὑρέσεως
1130 2175 1134 2248 λ

117 2269 305 2335 σχολικοῑς,
332 2266 365 2320 ἐν
389 2263 440 2328 οἷς
461 2267 539 2332 περλ
565 2265 840 2336 ἐπιχειρημάτων
867 2264 1038 2336 ἐλέγομεν,
1064 2265 1239 2319 §oa-34&

117 2353 277 2423 δάξαμεν.
323 2352 444 2423 ῥητέον
472 2356 508 2410 δὲ
536 2356 594 2410 καλ
621 2364 682 2410 νῦν
709 2355 753 2414 τά
776 2352 1013 2424 παρακείμενα
1042 2355 1133 2424 αὐτῇ.

116 2442 326 2511 παράκειται
357 2441 476 2498 τοίνυν
509 2453 546 2516 τῇ
575 2444 663 2516 μάχη
692 2444 748 2498 καί
775 2443 814 2498 τά
843 2441 984 2498 ἐναντία
1013 2444 1069 2496 καὶ
1097 2441 1135 2496 τά

117 2530 348 2601 ἀντικείμενα.
378 2530 408 2586 τί
423 2532 457 2588 δέ
476 2533 606 2588 τούτων
625 2532 787 2600 ἑκάτερον
807 2531 980 2600 διαφέρει,
1000 2528 1133 2600 ρἠτέον·
1150 2548 1175 2588 25

116 2617 340 2690 ἀντικείμενα
366 2621 426 2691 μὲν
452 2619 512 2676 οὖν
539 2623 644 2689 ἐστιν,
673 2617 716 2676 ὦν
742 2622 777 2675 τὸ
806 2621 921 2689 ἕτερον
950 2629 1007 2674 τοῦ
1034 2618 1135 2689 λόγου

117 2708 339 2777 ἀποφατικόν
369 2711 467 2765 ἐστιν.
515 2710 658 2766 ἐναντία
686 2709 722 2764 δὲ
751 2709 811 2764 ὅσα
840 2711 917 2776 περὶ
945 2710 1003 2764 τὸν
1032 2709 1135 2763 αὐτὸν

116 2797 223 2853 τόπον
249 2797 461 2869 στρεφόμενα
487 2804 646 2855 πλεῖστον
673 2799 822 2866 ἀλλήλων
848 2797 979 2868 ἀπέχει·
1009 2807 1073 2853 τῶν
1100 2799 1135 2852 δέ

117 2885 286 2942 ἐναντίων
309 2887 348 2941 τά
371 2886 430 2958 μέν
455 2887 525 2942 ἐστι
549 2889 742 2957 στερητικά,
767 2889 805 2942 τά
829 2889 863 2943 δὲ
888 2889 926 2942 οὐ
947 2888 1135 2956 στερητικά.

117 2976 299 3046 στερητικά
323 2976 396 3046 μὲν,
419 2974 494 3032 οἷον
517 2975 616 3048 τέχνη
641 2976 795 3049 ἀτεχνία,
819 2977 857 3031 οὐ
881 2976 1063 3045 στερητικά
1087 2976 1134 3044 δέ,
1150 2994 1176 3032 so

113 3053 194 3118 Ιοἷον
212 3066 348 3135 ἀγαθόν
363 3064 476 3120 κακόν.
511 3069 583 3135 (180)
602 3066 620 3135 ἡ
641 3066 676 3121 δὲ
695 3067 840 3135 δύναμις
860 3066 945 3119 ὀκτὼ
965 3066 1136 3134 διαφοράς

119 3154 189 3225 ἔχει
212 3154 414 3218 ἀκολούθως
438 3163 475 3226 τῇ
502 3163 560 3209 τοῦ
587 3154 821 3224 συμφέροντος
847 3153 1028 3222 διαιρέσει·
1056 3159 1135 3223 λαμ-

192 3333 335 3400 ῦείδικην
355 3350 423 3386 corr.
444 3333 568 3403 Segnior,
588 3333 681 3402 ίδικην
700 3334 730 3397 Ρ,
750 3334 826 3388 idem
844 3351 871 3387 u.
892 3339 915 3386 9.
947 3340 954 3351 ⁶
1003 3333 1136 3386 6κοινὸν

118 3403 184 3456 add.
204 3403 320 3457 Finckh.
395 3411 409 3456 7
429 3413 551 3474 κοινωνῇ
569 3404 600 3468 Ρ,
623 3421 691 3459 corr.
711 3404 827 3458 Finckh.
901 3409 917 3457 8
937 3403 1010 3469 λέξιν
1029 3404 1058 3467 Ρ,
1079 3402 1136 3468 ἕξιν

118 3473 254 3528 Graeven.
326 3481 358 3528 15
377 3473 484 3545 γίνεται
498 3475 562 3528 secl.
578 3475 661 3530 idem.
736 3481 768 3528 23
787 3485 839 3530 νῦν
854 3478 901 3528 καὶ
915 3475 946 3539 Ρ,
966 3493 1033 3528 corr.
1051 3475 1136 3542 Spen-

117 3545 174 3669 §d
249 3552 282 3599 26
297 3544 381 3616 λόγου
394 3547 425 3613 Ρ,
445 3544 539 3614 ἑτέρου
554 3547 687 3601 Graeven.
762 3553 802 3599 27.
819 3553 852 3600 28
866 3556 921 3600 τῶν
937 3548 1029 3600 αὐτῶν
1043 3545 1136 3599 τόπων

143 3660 150 3685 ,
172 3633 240 3671 corr.
260 3616 388 3686 Spengel.

940 3707 974 3758 ⁴2*
