2666 3910
198 216 314 274 XXXVI
597 214 814 267 PROOEMIVM

198 374 260 441 ἀλλ’
286 379 384 440 ἐκεῖνα
416 384 548 458 μᾶλλον
579 377 809 459 παρατηρήσεως
841 376 908 451 ἄξια
939 383 1012 455 urb,
1043 379 1095 440 aad
1123 381 1215 439 etiam

198 469 289 530 uerba
309 467 388 548 φημὶ
410 466 442 529 δὲ
465 472 497 528 11
515 471 604 530 initio
623 470 773 529 enuntiati
792 471 948 530 exstantia.
964 503 1006 510 —
1024 468 1215 529 (loniuuctim

198 562 234 619 fr.
251 562 292 618 94
306 579 335 634 p.
352 560 403 634 82,
414 561 538 635 25111,
556 561 592 620 fr.
608 561 659 634 96,
679 561 714 618 fr.
731 560 782 633 98,
800 560 836 621 fr.
854 560 914 618 151
931 559 1128 636 perlustrabo
1147 577 1215 617 curn

199 649 330 708 eiusdem
358 648 473 727 generis
502 649 570 708 sint.
616 648 786 708 Verisimile
809 651 855 708 est
876 648 945 708 illos
969 651 1113 724 quattuor
1135 649 1215 708 locos

199 739 237 798 ad
266 736 429 796 Caecilium
459 738 563 798 redire.
613 738 726 796 Ansam
756 737 826 796 huic
853 739 989 813 opinioni
1015 737 1216 815 fragmentum
1288 770 1291 779 ·

202 829 263 886 151
288 827 349 886 dat.
390 827 469 888 Nam
491 829 522 886 in
546 827 602 886 hoc
625 847 700 902 eum,
724 828 778 902 qui
800 827 948 890 colossum
972 827 1119 902 quendam
1141 817 1173 907 (i.
1191 847 1215 886 e.

199 908 370 997 Platonem)
389 937 448 978 non
463 916 611 993 Polycleti
628 916 797 992 doryphoro
820 908 892 996 (1.1.
908 909 1029 995 Lysiae)
1048 918 1216 991 praeferen-

199 1006 270 1066 dum
294 1023 356 1066 esse
378 1006 513 1082 scripsit,
536 1004 699 1066 Caecilium
721 1023 786 1067 esse
808 1023 876 1064 cum
899 1025 933 1064 ex
956 1005 1115 1066 uerborum
1137 1007 1215 1080 ipso·

200 1113 267 1154 rum
291 1095 388 1154 colore
412 1087 521 1176 (πρὸς.
537 1093 609 1156 ,τὸν
627 1086 795 1176 γράφοντα)
813 1097 879 1154 tum
897 1113 932 1154 ex
951 1112 985 1154 eo
1003 1096 1108 1170 procul
1126 1094 1216 1153 dubio

199 1184 336 1244 concludi
358 1186 466 1260 potest,
490 1184 569 1259 quod
591 1183 848 1262 Pseudolonginus
871 1185 1019 1242 nemiuem
1043 1184 1135 1243 alium
1158 1183 1217 1242 nisi

202 1273 362 1333 Caecilium
390 1275 513 1350 propter
539 1275 601 1333 eius
629 1274 841 1336 cauillationes¹
861 1273 996 1333 Platonis
1026 1273 1135 1332 iterum
1161 1274 1216 1332 ite-

199 1382 324 1438 rumque
346 1365 512 1440 impugnat.
559 1363 664 1437 Itaque
689 1364 888 1441 fragmentum
909 1364 969 1423 151
994 1381 1122 1420 reuera
1146 1361 1216 1422 an-

200 1452 340 1511 cilianam
368 1451 535 1512 doctrinam
562 1454 702 1512 continet.
749 1450 823 1511 (lum
851 1455 952 1511 autem
978 1453 1131 1512 rhetorum
1155 1454 1218 1511 stu·

200 1541 283 1599 dium
319 1541 512 1617 comparandi
549 1543 644 1600 artem
675 1542 853 1600 rhetoricam
886 1560 951 1600 cum
984 1541 1138 1616 sculptura
1168 1541 1217 1599 uel

201 1623 499 1712 picturatortasse1)
528 1631 566 1690 ad
588 1631 786 1708 Pergamenos
813 1631 928 1707 redeat,
955 1649 1044 1706 porro
1072 1649 1139 1690 cum
1167 1629 1218 1688 ad-

201 1720 321 1778 modum
357 1719 518 1780 uerisimile
554 1722 596 1778 sit
631 1718 794 1780 Caecilium
830 1719 1009 1795 discipulum
1042 1719 1218 1795 Apollodori

201 1801 324 1888 fuisae²)
348 1812 378 1868 et
402 1809 439 1867 ab
462 1810 526 1883 hoc,
550 1810 632 1868 cuius
651 1810 750 1885 patria
769 1809 948 1886 Pergamum
966 1811 1038 1884 erat,
1061 1808 1217 1886 Pergame-

201 1916 307 1957 norum
329 1899 477 1958 rationem
500 1901 661 1974 accepisse,
688 1917 748 1957 non
773 1897 985 1976 probabilitate
1012 1916 1111 1958 carere
1137 1897 1218 1957 uide-
1323 1914 1324 1933 ¹

200 1990 251 2047 tur
274 1989 404 2062 suspicio
433 1989 509 2062 eius,
537 1990 590 2064 qui
615 1987 769 2047 contendit
790 1990 882 2047 etiam
906 1991 1019 2048 ceteros
1042 1991 1102 2047 tres
1129 1988 1218 2062 locos,
1322 2027 1323 2046 1

201 2077 254 2135 ubi
275 2076 351 2136 tales
374 2077 611 2152 comparationes
633 2077 768 2155 redeunt,
792 2095 879 2153 posse
898 2076 1026 2136 Caecilio
1045 2077 1153 2135 deberi.
1175 2109 1218 2117 —

202 2165 337 2240 Denique
351 2164 388 2225 de
402 2166 436 2224 fr.
451 2167 514 2225 150
528 2187 556 2243 p.
572 2169 644 2240 130,
656 2168 696 2225 28
706 2185 769 2242 sqq.
790 2169 820 2224 et
833 2168 869 2224 fr.
886 2167 976 2226 1501
989 2185 1138 2242 perpauca
1151 2185 1218 2241 pro-

201 2255 303 2313 feram.
336 2254 402 2315 Hoc
416 2259 544 2331 utroque
560 2257 624 2314 loco
639 2257 728 2314 unius
743 2256 932 2330 eiusdemque
947 2257 1077 2314 auctoris
1090 2255 1220 2332 uestigia
1322 2277 1323 2312 1

202 2344 320 2403 subesse
334 2347 538 2420 unusquisqne
553 2345 700 2405 concedet.
739 2344 858 2404 (lartum
873 2346 1048 2419 scriptorem
1062 2346 1171 2419 respici
1185 2364 1219 2403 ex

203 2436 299 2494 forma
328 2434 487 2493 uerborum
509 2436 576 2510 ipsa
600 2437 737 2509 apparet:
766 2435 801 2494 cf.
821 2435 856 2493 fr.
878 2435 942 2492 150
960 2455 988 2509 p.
1011 2435 1083 2507 130,
1104 2435 1218 2508 28sqq.

202 2520 450 2601 παρατεθειμένος
482 2516 510 2582 δ’
536 2521 592 2583 οὐκ
619 2519 703 2603 tityon
729 2521 788 2583 acl
818 2522 924 2595 αὐτὸς
951 2519 1143 2602 ἁμαρτήματα
1170 2519 1220 2581 καὶ
1321 2511 1322 2564 l

199 2603 330 2692 Ὁμήρου
357 2609 407 2670 καὶ
434 2620 493 2671 τῶν
523 2609 633 2690 ἄλλων,
666 2611 731 2672 ὅσοι
758 2608 900 2692 μέγιστοι,
928 2609 978 2671 καὶ
1005 2610 1133 2690 ἥκιστα
1159 2615 1220 2682 τοῖς

202 2699 380 2778 πταίσμασιν
394 2697 645 2782 ἀρεσκόμενος,
660 2699 739 2778 ὅμως
753 2697 785 2760 δὲ
804 2699 866 2780 οὐχ
884 2697 1117 2780 ἁμαρτήματα
1135 2703 1219 2778 μᾶλ-

202 2792 263 2848 λον
282 2787 356 2849 αὐτὰ
374 2787 521 2850 ἑκούσια
539 2794 636 2850 καλῶν
650 2793 708 2849 κτλ.
742 2789 888 2850 Caecilius
901 2793 1056 2864 tamquam
1071 2790 1221 2850 collectio·
1319 2847 1320 2854 ,

202 2899 270 2937 nem
278 2880 420 2937 uitiorum
430 2881 619 2958 ingeniorum
626 2899 809 2938 summorum
818 2881 850 2937 in
858 2880 968 2955 scripto
976 2899 1029 2939 suo
1038 2880 1219 2938 instituerat.

204 2967 263 3028 Suo
286 2970 350 3026 iure
369 2969 546 3028 Martensius
568 2970 642 3028 dicit
664 2972 893 3028 consentaneum
917 2987 979 3028 1111
1002 2988 1020 3028 a
1039 2967 1222 3027 Pseudolon-

206 3099 419 3106 ..——.-.—.-

245 3244 251 3254 .
276 3176 301 3241 1)
327 3172 399 3228 Vide
422 3172 545 3226 Braoska
569 3174 616 3226 ‘de
640 3189 746 3227 canone
765 3174 790 3226 X
809 3173 961 3228 oratorum’
983 3192 1009 3242 p.
1026 3179 1058 3226 81
1071 3192 1145 3242 sqq.;
1172 3174 1220 3228 sed

203 3245 275 3326 ha1c⁸
293 3244 354 3326 uiro
374 3245 456 3299 docto
477 3262 533 3299 nou
557 3245 642 3314 plane
660 3261 751 3312 neque
771 3245 832 3298 sine
851 3261 961 3298 summa
980 3245 1157 3298 dubitatione
1177 3263 1221 3300 as-

204 3317 303 3454 sanbg
323 3332 579 3440 Ι1111811111111116111111
606 3388 800 3456 quaestionem
823 3386 954 3453 Bracata,
974 3387 1221 3456 Pauly-Wiseowa

205 3458 298 3513 REI
315 3476 342 3527 p.
361 3463 429 3512 2888
454 3475 543 3527 nuper
567 3459 603 3540 ad
627 3461 734 3512 certum
752 3459 848 3526 finem,
873 3460 1008 3526 quantum
1028 3459 1142 3526 quidem
1161 3457 1220 3512 fieri

204 3530 450 3669 ρο121ρ1,21111111111.
489 3529 529 3583 cf.
549 3532 636 3583 atram
655 3529 794 3584 Susemihl
808 3530 826 3583 1.
843 3548 863 3583 s.
882 3529 1017 3598 1111103
1037 3532 1066 3583 et
1085 3529 1151 3584 Otto
1166 3529 1182 3582 1.
1200 3549 1220 3584 ι.
