2664 3906
160 198 163 204 ⁵
262 239 324 288 xn.
343 238 500 288 ακκοου
516 236 666 296 massas
684 239 781 289 RATA
798 239 999 290 Στοιιςοιοκ
1075 237 1139 301 175
1182 299 1184 307 s

126 395 185 451 ἀλλ’
203 398 248 450 ἐπί
270 399 376 464 πατρὸς
400 399 479 465 δίκην
498 398 632 466 λαχόντος
650 399 721 464 ὑπὲρ
740 398 955 465 ἀπεςφαγμένου
974 399 1073 452 παιδὸς
1091 400 1142 451 τὸν

126 487 268 553 μοχθηρὸν
292 488 382 541 ἔταξε·
410 487 454 540 καί
478 503 562 553 φηςιν
585 488 676 540 οὕτως
699 488 730 540 ἐν
748 487 909 554 Προοιμίοις
929 489 973 540 καί
992 487 1143 551 Ἐπιλόγοις

127 573 170 643 (fr.
190 573 309 642 ιοΒ1.’)
337 575 425 640 *κάγὼ
452 578 502 640 μέν
528 577 543 628 ὁ
571 577 718 644 μοχθηρός,
745 577 841 630 ὅντινα
864 576 949 643 ἐχρῆν
971 577 1142 643 τεθνηκέναι,

127 668 166 720 Ζῶ
184 671 243 718 τοῖς
262 665 369 732 ἐχθροῖς
388 665 567 729 κατάγελως’.

198 787 321 858 [ὃνιοεοε
345 791 546 856 ναυμάχιον·
571 792 610 844 ὡς
633 795 684 845 τοῦ
704 793 742 856 μὴ
762 792 954 856 ςτρατεύεςθαι
973 793 1017 843 καί
1035 795 1086 844 ποθ
1106 793 1143 843 λι·
1170 804 1184 844 5

125 883 188 930 πεῖν
210 880 264 943 τὴν
286 879 363 932 τάξιν
387 881 431 931 καί
453 884 504 932 τοθ
528 880 564 932 τά
587 880 660 932 ὅπλα
684 880 833 945 ἀποβαλεῖν
857 879 950 946 ζημίαι
973 881 1042 945 ήςαν
1066 881 1143 946 ὡρις-

127 967 206 1031 μέναι
225 967 333 1021 ἐκτῶν
351 968 460 1035 νόμων,
487 970 578 1021 οὕτως
597 971 642 1021 καί
659 974 710 1022 τοῦ
732 971 769 1035 μὴ
788 972 968 1035 ναυμαχῆςαι.
1005 973 1091 1022 τοθτο
1110 969 1143 1021 τὸ

127 1056 243 1122 ὄφλημα
260 1057 414 1122 ναυμάχιον
433 1057 577 1126 ἐκαλεῖτο]

198 1178 296 1232 Svmas
317 1179 361 1248 (cf.
381 1179 435 1234 lex.
455 1180 482 1234 S.
502 1181 592 1248 quint.
611 1199 638 1249 p.
659 1186 720 1247 298,
740 1183 779 1251 2):
803 1184 918 1248 νέμειν
937 1183 1142 1248 προςτάτην’

127 1269 189 1322 ἀντὶ
215 1275 266 1323 τοῦ
295 1271 367 1336 ἐχειν
394 1271 561 1337 προςτάτην.
600 1275 659 1324 τῶν
686 1271 739 1337 γάρ
770 1271 905 1336 μετοίκων
934 1272 1047 1324 ἕκαςτος
1076 1271 1143 1336 μετά
1158 1287 1185 1325 ιο

126 1359 284 1425 προςτάτου
307 1363 365 1412 τῶν
389 1359 480 1412 ἀετῶν
503 1376 579 1413 τινος
601 1361 637 1413 τά
660 1360 809 1426 πράγματα
828 1362 915 1413 αὑτοῦ
936 1362 1029 1428 διῴκει
1048 1361 1143 1413 καὶτὸ

129 1448 267 1512 μετοίκιον
295 1448 438 1503 κατετίθει.
485 1452 528 1502 καί
555 1450 589 1502 τὸ
618 1451 689 1516 ἐχειν
717 1450 875 1516 προςτάτην
903 1453 1024 1502 καλεῖται
1052 1451 1144 1514 νέμειν

127 1537 294 1604 προςτάτην.
332 1538 479 1605 Ὑπερίδης
498 1537 540 1605 (fr.
561 1543 593 1590 21
613 1536 680 1602 Bl.⁸)
701 1538 782 1591 ‘fficse
806 1539 966 1592 κελευςτέον
989 1539 1057 1591 τοὺς
1079 1555 1144 1604 μαρ-

30 1697 34 1706 .
127 1631 282 1692 τυροθντας
299 1628 335 1680 τά
353 1633 469 1680 τοιαῦτα
488 1629 532 1679 καί
550 1629 617 1680 τοὺς
635 1629 843 1695 παρεχομένους
863 1625 945 1698 <μή>
965 1627 1056 1693 μάτην
1075 1626 1144 1679 ἀπα-

126 1719 179 1768 τάν
198 1717 282 1782 ὑμᾶς,
307 1714 400 1787 <ἐάν>
420 1718 456 1782 μή
475 1716 631 1783 τυγχάνωςι
650 1717 807 1782 δικαιότερα
825 1717 964 1780 λέγοντες·
989 1718 1034 1769 καί
1057 1716 1144 1782 νόμον
1159 1730 1186 1770 15

128 1806 192 1870 ὑμίν
207 1805 375 1870 ἀναγκάζετε
389 1806 561 1872 παρέχεςθαι,
576 1806 627 1858 τὸν
641 1807 791 1859 κελεύοντα
806 1808 843 1871 μὴ
859 1807 950 1870 νέμειν
964 1805 1143 1871 προςτάτην’.

87 1960 94 1998 ι,
199 1929 265 1983 Lax.
285 1947 306 1982 s.
326 1948 421 1990 va.
441 1947 468 1998 p.
490 1934 550 1995 191,
569 1935 616 1983 21:
642 1931 893 1996 νομοφύλακες·
918 1930 997 1983 οὗτοι
1020 1930 1144 1983 ἐκώλυον

128 2020 292 2087 παράνομόν
310 2037 337 2072 τι
356 2022 373 2085 ἢ
393 2020 556 2086 ἀςύμφορον
574 2025 609 2087 τῇ
629 2020 708 2074 πόλει
726 2020 858 2082 γενέςθαι.

201 2141 312 2196 Svmss:
342 2147 529 2210 ξυλλαβεῖν
559 2145 637 2210 διττή
664 2144 735 2197 ἐςτιν
760 2145 778 2209 ἡ
805 2147 898 2210 χρῆςις
922 2147 974 2195 τοῦ
1003 2145 1145 2208 ςυλλαβεῖν

128 2235 204 2300 παρά
226 2239 285 2286 τοῖς
308 2233 442 2300 ἀρχαίοις·
470 2234 541 2298 πρὸς
562 2235 616 2300 γάρ
640 2234 777 2300 διάφορον
802 2231 884 2285 κλίςιν
908 2233 1044 2298 διάφορος
1063 2233 1106 2284 καί
1125 2233 1143 2297 ἡ
1159 2247 1187 2286 ao

129 2323 245 2376 διάνοια,
283 2323 332 2376 ἐάν
352 2324 402 2388 μέν
419 2323 474 2389 γάρ
492 2323 562 2388 πρὸς
582 2322 735 2388 αἰτιατικὴν
753 2324 770 2388 ἡ
791 2323 915 2375 ςύνταξις
934 2323 960 2390 ᾖ,
980 2322 1081 2388 ἐχθραν
1101 2323 1145 2373 καί

130 2413 291 2476 δυςμένειαν
318 2411 461 2477 παρίςτηςι
485 2415 536 2463 τοιλ
564 2412 815 2477 ςυλλαμβάνοντος,
844 2409 1011 2477 κακουργίαν
1037 2411 1068 2462 δέ
1093 2415 1144 2462 τοῦ

130 2502 398 2566 ςυλλαμβανομὲνου,
414 2502 453 2553 ὡς
467 2505 518 2552 νῦν
534 2500 687 2566 ίξυλλαβεῖν
701 2501 752 2552 τὸν
767 2499 875 2566 ἄνδρα’.
905 2501 949 2552 καὶ
963 2499 1145 2565 Δημοςθένης

130 2591 161 2642 ἐν
183 2595 225 2658 τῷ
249 2589 323 2642 Κατὰ
341 2588 456 2642 Μειδίου
477 2589 623 2657 (11111116)
644 2588 717 2654 *οὐχί
736 2589 931 2654 ςυλληψάμεθα
955 2587 1067 2652 αὐτόν;’
1096 2588 1145 2640 ἐάν

130 2680 161 2732 δέ
179 2679 250 2745 πρὸς
268 2678 395 2744 δοτικήν,
420 2677 543 2744 ςημαίνει
566 2677 660 2743 φιλίαν
680 2680 724 2730 καὶ
743 2677 908 2743 ςυμμαχίαν,
935 2678 974 2729 ὡς
994 2676 1146 2743 ’ίςοκράτης
1160 2691 1187 2730 25

130 2769 160 2820 ἐν
178 2774 239 2822 ταῖς
256 2768 452 2832 Παραινέςεςιν
476 2768 497 2835 (Ι
516 2769 541 2834 3)
567 2766 637 2833 εὁριίι
657 2768 687 2819 δέ
706 2769 751 2819 καὶ
768 2768 821 2832 τὴν
839 2767 929 2832 τύχην
947 2767 1012 2831 ἡμῖν
1032 2769 1147 2831 ςυλλαμ-

25 2901 27 2908 ,
131 2857 279 2923 βάνουςαν’
313 2856 372 2910 ἴςον
399 2861 439 2924 τῷ
473 2857 740 2921 ευναγωνιζομένην.
787 2855 883 2920 ἐπάγει
910 2859 980 2919 γοῦν
1014 2854 1069 2908 ’καί
1095 2856 1146 2907 τὸν

129 2947 256 3012 παρόντα
275 2945 371 3010 καιρὸν
390 2945 666 3010 ςυναγωνιζὸμενον’.
703 2947 747 2997 καί
761 2945 942 3011 Δημοςθένης
960 2946 1064 3013 πρώτῳ
1084 2945 1146 2997 Φιλ-

130 3040 257 3089 ιππικιῑιν.

203 3200 218 3247 5
238 3196 266 3247 οί
284 3199 300 3247 8
320 3192 477 3263 ναυμάχων
494 3193 573 3260 libri,
598 3195 646 3247 sed
671 3191 847 3263 ἀναομάχιον
871 3192 1066 3260 corrigendum
1091 3194 1146 3257 δαίς

131 3266 166 3320 cf.
182 3281 266 3335 supra
280 3267 310 3333 (p
331 3270 390 3329 143,
403 3268 516 3335 16-19)
530 3284 557 3320 u.
573 3263 759 3334 άναυμαχίου,
772 3263 823 3316 ubi
836 3263 921 3332 plane
935 3263 1035 3317 eadem
1048 3263 1145 3330 legun-

130 3339 183 3390 tur.
226 3338 324 3405 itaqua
352 3339 470 3406 apparet
498 3353 589 3390 errore
618 3337 740 3406 glossam
769 3336 804 3389 ds
832 3335 975 3404 superiora
1003 3334 1064 3388 ίοοο
1091 3333 1147 3387 huc

130 3407 298 3462 translatam
318 3424 386 3462 essa.
462 3414 491 3461 11
513 3409 608 3481 θιῲνει
623 3409 750 3473 Κυοοίοι,
770 3406 889 3480 συνῴκει
908 3406 982 3459 libri.
1057 3412 1090 3458 14
1109 3404 1145 3472 μὴ

132 3480 195 3534 add.
216 3477 325 3534 Ooraes.
431 3485 463 3532 15
484 3478 534 3534 ἐὰν
552 3479 616 3534 add.
637 3479 761 3548 Saupp03
780 3479 861 3532 Blass
879 3478 933 3532 hoc
952 3477 1035 3530 modo
1053 3476 1148 3529 locum

132 3567 231 3605 sanare
256 3550 331 3604 uult:
360 3551 440 3619 ὑμᾶς,
470 3548 550 3674 SM
574 3551 778 3606 ἀποδεικνύναι
806 3547 870 3621 ὅτι)
898 3549 1074 3619 τυγχάνουσι.

133 3629 165 3675 16
185 3623 251 3691 ίιμῑν
270 3621 379 3686 Coraes,
399 3621 466 3690 ἡμῖν
495 3622 557 3675 ibri.
