2666 3910
550 213 767 266 PROOEMIVM
1052 215 1168 264 XXXIX

149 381 256 457 legisse
280 399 315 440 ex
337 383 447 439 natura
471 381 605 440 locorum
628 378 745 439 elucet?
783 381 864 439 Haec
887 399 1030 455 quaerens
1054 380 1167 457 Anger-

149 488 276 528 mannus
291 489 325 528 ex
340 489 374 528 eo
392 470 542 545 profectus
562 472 616 544 est,
636 470 715 545 quod
729 468 931 538 Quintilianus
949 472 979 528 et
992 470 1167 547 Anonymus

151 557 348 636 Seguerianus
366 559 394 616 h.
410 578 434 619 e.
448 559 618 618 Alexander
636 562 667 618 et
680 559 805 619 Neocles
823 561 933 618 mirum
951 562 983 617 in
1001 559 1122 618 modum
1135 561 1167 618 in

149 648 195 722 iis,
215 667 290 723 quae
305 649 462 706 Aristoteli
476 648 628 722 debentur,
645 649 834 708 consentiunt
848 651 878 707 et
892 667 958 707 eam
972 649 1009 707 ob
1024 668 1086 707 rem
1100 649 1168 708 illos

150 741 210 795 tres
223 739 356 796 rhetores
371 757 406 796 ex
420 738 522 798 eodem
542 741 662 798 auctore
676 738 804 812 pendere
818 738 1008 796 statuendum
1023 740 1077 812 est,
1097 737 1168 796 an-

150 827 253 886 oilium
281 846 348 885 eum
371 827 464 886 fuisse
486 827 665 903 quibusdam
689 828 872 903 argumentis
895 828 977 886 nisus
1000 827 1168 903 respondet,

150 919 203 991 qui
230 918 268 974 iis
294 917 376 974 locos
398 915 607 975 Aristotelicos
631 915 879 992 suppeditauerit.
925 915 1062 990 Accedit,
1089 918 1168 991 quod

149 1007 184 1062 ut
202 1004 440 1082 Angermannus.
450 1005 535 1094 dicit,
558 1006 607 1064 uel
630 1025 684 1081 per
706 1024 737 1065 se
760 1004 923 1064 uerisimile
943 1007 988 1064 est
1007 1004 1168 1064 Caecilium

150 1093 321 1153 Aristotelis
354 1096 466 1170 scripta
498 1095 646 1154 rhetorica
679 1095 839 1168 euoluisse,
872 1113 938 1154 cum
970 1094 1132 1171 Dionysius
1144 1088 1167 1171 1)

151 1203 268 1258 quoque
291 1183 463 1243 Aristotelis
487 1185 583 1242 artem
601 1184 780 1243 rhetoricam
799 1184 967 1262 perlegerit.
1006 1183 1112 1259 Itaque
1130 1185 1168 1242 iis

150 1273 238 1346 loeis,
261 1274 313 1348 qui
335 1271 560 1334 Aristotelicum
583 1275 762 1332 sententiam
785 1273 932 1347 exhibent,
956 1271 1168 1348 Quintilianus,

150 1361 325 1438 Anonymus
349 1361 560 1440 Seguerianus,
588 1365 709 1421 omnino
732 1363 878 1438 rhetores,
901 1364 954 1438 qui
976 1363 1045 1438 post
1068 1360 1168 1421 (laeci-

151 1451 226 1508 lium
253 1451 377 1509 fuerunt
405 1444 453 1532 (ut
479 1451 575 1510 libelli
602 1449 669 1529 περὶ
696 1451 798 1526 ὕψους
827 1455 944 1524 auctor,
971 1451 1083 1526 Aquila
1110 1451 1168 1510 Ro·

150 1559 264 1614 manus,
283 1532 360 1621 alii),
384 1561 443 1599 non
465 1561 500 1599 ex
518 1541 690 1600 Aristotelis
709 1542 782 1617 ipsis
801 1541 885 1599 libris
903 1540 1023 1615 habent,
1047 1540 1099 1599 sed
1116 1559 1169 1615 per

151 1632 303 1688 auctorem
326 1648 420 1704 suum,
443 1622 602 1710 fortasss²)
627 1628 789 1689 Caecilium
813 1629 1009 1704 Calactinum,
1031 1631 1100 1689 illos
1123 1651 1168 1689 re-

152 1722 300 1793 ceperunt.
333 1718 391 1778 Sed
406 1717 561 1793 (lencilino,
579 1719 605 1778 si
619 1719 707 1778 modo
720 1721 785 1777 iure
799 1721 944 1778 statuitur
956 1719 1037 1777 hunc
1051 1719 1166 1779 Aristo-

151 1808 218 1866 telis
242 1808 385 1868 asseclam
408 1811 439 1867 et
460 1809 582 1867 illorum
599 1808 752 1867 rhetorum
770 1809 884 1867 fontem
902 1809 1002 1883 fuisse,
1025 1827 1085 1866 non
1104 1810 1170 1866 erat

151 1900 306 1957 contentus
329 1896 480 1957 doctrinas
498 1897 705 1957 Aristotelicas
729 1898 906 1972 simpliciter
928 1899 960 1956 in
983 1916 1057 1973 opus
1082 1916 1168 1956 suum

150 1987 325 2060 transferre,
352 1986 417 2061 sed,
445 2005 521 2062 quae
549 1989 652 2063 paucis
680 1987 857 2046 Aristoteles
887 1990 1108 2046 monstrarerat
1138 1989 1168 2045 et

151 2075 301 2149 docuerat,
325 2095 359 2134 ea
383 2075 530 2136 Caecilius
550 2071 836 2151 ‘circumscribenda
860 2076 1045 2151 explicando,
1068 2076 1167 2151 dispo·

150 2165 248 2228 nendo
269 2164 423 2226 intellectu
446 2166 584 2225 faciliora
606 2165 728 2224 reddere
752 2161 880 2225 studuit'
905 2158 1002 2246 (Rabe
1024 2186 1053 2240 p.
1073 2156 1168 2246 XVI),

149 2255 184 2311 ut
206 2254 341 2312 uidemus
365 2275 401 2314 ex
423 2256 600 2333 fragmentis
620 2257 649 2329 4,
666 2257 720 2331 Aa,
737 2256 787 2330 25,
804 2256 854 2330 26,
869 2257 921 2314 49.

484 2491 533 2545 De
557 2490 832 2560 Lexieographis.

196 2600 257 2669 (De
272 2600 388 2666 suida,
407 2601 532 2656 lexicis
552 2601 774 2743 seglp'rilnis
794 2602 915 2671 quinto
935 2603 968 2656 et
986 2604 1122 2670 quart0,

604 2690 622 2728 a
642 2691 695 2728 us.

218 2805 262 2863 De
286 2805 418 2865 fontibus
442 2824 543 2865 eorum
566 2809 625 2864 iam
651 2808 748 2865 multa
770 2808 964 2883 inuestigata,
986 2807 1083 2864 multa
1106 2806 1166 2865 dis-

151 2896 271 2968 ceptata
300 2897 382 2971 sunt3
413 2899 443 2954 et
472 2899 573 2955 tamen
602 2896 690 2954 hodie
722 2915 839 2971 quoque
868 2896 941 2955 haec
970 2897 1165 2972 inuestigatio

150 2982 282 3040 nondum
306 2983 345 3043 ad
366 2984 456 3042 finem
479 2986 606 3045 deducta
628 2987 680 3044 est.
725 2985 794 3044 Non
816 2986 905 3044 huius
928 2986 987 3044 loci
1010 2988 1055 3045 est
1078 3004 1167 3062 argu-

223 3228 248 3292 1)
267 3223 340 3278 Vide
355 3224 390 3278 de
403 3241 524 3295 compos.
540 3244 567 3294 p.
579 3231 661 3294 126,4
676 3225 723 3280 Vs.
735 3225 820 3291 eta,
840 3226 876 3279 ad
891 3226 981 3279 Amm.
996 3225 1009 3277 Ι
1022 3243 1049 3294 p.
1061 3230 1121 3290 263,
1132 3229 1166 3277 23

151 3300 288 3362 -26‘1,s;
307 3313 335 3365 p.
351 3301 470 3364 271,16;
488 3315 515 3366 p.
532 3302 592 3363 277,
604 3303 638 3350 10
656 3296 703 3350 Vs.
724 3299 753 3351 et
770 3298 803 3351 Pe.

223 3387 250 3453 2)
269 3383 346 3439 Haec
369 3384 538 3439 difficillima
561 3387 690 3453 quaestio
712 3387 748 3440 ab
769 3387 966 3456 Angermanno
985 3384 1108 3439 nondum
1129 3385 1166 3437 ad

150 3455 233 3508 finem
260 3457 366 3509 certum
391 3457 528 3524 perducta
553 3473 614 3510 esse
638 3457 708 3510 mihi
735 3458 861 3523 uidetur;
886 3474 916 3511 re
940 3471 1007 3510 uera
1030 3473 1079 3526 per
1098 3455 1165 3508 Cae-

152 3526 248 3580 cilium
277 3527 432 3581 doctrinam
458 3528 657 3582 Aristoteleam
689 3529 725 3582 ad
754 3528 818 3582 illos
848 3530 973 3582 rhetores
1004 3527 1166 3596 peruenisse

151 3598 343 3669 Angermanni
362 3601 569 3669 argumentatio
589 3600 659 3654 mihi
676 3601 846 3668 persuadere
865 3617 920 3653 non
939 3601 1058 3669 poterat.
