2666 3910
196 220 239 284 48
517 221 892 274 ιν.πΕΡιΣκΗυΑΤαυ

263 382 310 447 66
331 381 374 469 (u.
392 384 478 447 1-4
496 416 531 435 =
549 383 594 447 40
612 380 664 469 Β.)
684 381 842 458 (λνιυτιυ.
861 388 904 446 IX
924 385 954 464 3,
973 382 1029 446 98:
1048 384 1147 446 adicit
1163 382 1214 446 his

197 489 387 555 Caecilius
404 491 604 570 περίφραειν,
625 491 662 555 de
674 511 738 572 qua
752 490 822 554 diri
841 498 885 564 (=
901 507 964 552 vm
979 505 1004 567 ο,
1018 506 1065 566 593
1084 507 1121 552 1x
1137 507 1161 566 1,
1177 498 1212 564 3).

266 594 342 648 idem
361 602 415 647 IIII
433 599 463 662 6,
482 600 528 649 59:
550 595 681 663 pluribus
703 600 794 648 auteru
812 595 902 648 uerbis
920 611 981 647 euru
999 595 1042 660 id,
1066 595 1138 662 quod
1156 611 1212 648 uuo

195 690 245 737 aui
259 685 440 752 paucioribus
457 691 525 738 certe
543 685 601 738 diei
613 691 715 752 potest,
734 685 900 752 explicatur,
921 684 1084 750 περίφραειν
1103 690 1212 749 uocaui,

168 775 339 828 ieireuiium
364 774 499 841 quendum
524 774 667 841 eloquendi
688 815 693 825 .
711 814 738 825 ..
777 775 831 841 (60)
858 774 967 826 iuterim
992 778 1118 825 ornatum
1142 773 1213 839 petii

194 861 289 927 solum,
308 863 357 929 qui
370 869 408 916 esi
422 862 499 931 apud
508 869 605 930 poetas
617 863 859 930 frequentissimus.
880 905 885 914 .
903 904 908 914 .
947 863 1002 929 (61)
1021 867 1046 914 et
1059 861 1136 929 apud
1149 877 1211 914 eru-

194 956 264 1005 tores
281 967 339 1004 uuu
356 968 447 1017 rarus,
465 968 568 1019 semper
586 956 676 1005 tumen
694 951 858 1005 adstrictior.

265 1039 341 1092 idem
359 1047 392 1093 IX
413 1045 436 1106 1,
457 1045 485 1093 3:
509 1041 673 1107 περίφρααν
696 1047 786 1094 autem
810 1046 834 1093 ei
855 1039 1012 1106 ὑπερβατόν
1031 1045 1055 1092 ei
1074 1040 1210 1104 ὀνοματο-

193 1129 286 1182 ποιίαν
308 1130 398 1183 clari
420 1145 524 1196 quoque
546 1135 702 1190 aucturus
724 1130 830 1199 {ipurus
852 1129 996 1182 uerborum
1015 1130 1210 1196 potiusquam

155 1231 180 1269 ιο
194 1223 285 1285 tropos
303 1219 433 1272 diueriut.

265 1360 301 1411 ad
315 1359 366 1413 hos
380 1359 456 1414 locos
471 1359 506 1413 cf.
521 1359 554 1413 fr.
571 1365 628 1415 66u
642 1363 672 1415 et
686 1366 720 1414 66
728 1362 751 1414 0.
808 1360 845 1412 ud
858 1377 885 1413 u.
901 1364 988 1412 8-10
1003 1357 1069 1411 uide
1083 1357 1116 1411 fr.
1133 1363 1165 1411 67
1181 1360 1210 1411 ei

193 1453 259 1513 67a‚
276 1454 307 1501 19
317 1465 337 1501 s.
412 1448 446 1502 οί.
462 1449 549 1503 etiam
564 1448 682 1504 Carmen
697 1449 732 1503 de
746 1449 843 1520 figuris
857 1467 885 1518 p.
901 1453 943 1514 70,
960 1452 1008 1500 181
1024 1446 1058 1500 H.

260 1636 336 1700 660
354 1643 481 1697 Τωυαινκ
497 1652 531 1697 III
544 1662 572 1713 p.
589 1651 630 1711 75,
646 1650 679 1698 26
695 1644 754 1713 Sp.:
774 1645 935 1712 περίφραειε
950 1645 975 1697 δ’
990 1647 1060 1698 ἔετιν
1075 1645 1143 1696 ὅταν
1158 1647 1209 1709 τῆς

192 1733 281 1798 ἁπλῆ(
307 1736 351 1786 καί
377 1734 485 1788 εὐθείαε
509 1736 657 1801 γινομένη(
683 1735 828 1801 ἑρμηνεία(
852 1736 981 1787 εὐτελοῦς
1005 1735 1100 1799 οὔεηε,
1128 1749 1208 1798 μετα-

193 1823 323 1886 βαλόντες
337 1823 440 1887 κάεμου
456 1825 537 1876 ἕνεκα
551 1827 568 1890 ἢ
582 1825 689 1877 πάθον(
703 1827 720 1890 ἢ
736 1822 972 1889 μεγαλοπρεπείαε
987 1823 1079 1874 άλλοιε
1094 1821 1208 1886 ὀνόματι

193 1912 237 1963 καί
255 1911 358 1964 πλείοει
376 1916 435 1965 τῶν
455 1913 558 1978 κυρίων
577 1915 621 1965 καί
638 1913 798 1976 ἀναγκαίων
811 1914 844 1965 τὸ
859 1916 972 1978 πράγμα
987 1911 1207 1977 ἑρμηνεύεωμεν,

153 2013 177 2050 15
191 1998 253 2052 οίόν
268 2000 323 2053 ἐετι
336 2001 370 2053 τὸ
385 2002 594 2067 Δῃμοεθενικάν
612 2005 677 2067 (XXI
692 2003 737 2068 99)
757 2001 905 2066 ’ἠτίμωται
918 2007 953 2068 τῇ
968 2002 1041 2068 ῥύμῃ
1055 2003 1107 2066 τῆ(
1121 1999 1208 2064 ὀργῆ(

87 2085 258 2157 7601)(καί
276 2093 327 2155 τῆε
345 2089 473 2160 ὕβρεως)
494 2095 549 2157 τῆε
564 2090 700 2144 Μειδίου’.
737 2092 770 2143 τὸ
789 2091 842 2156 γὰρ
861 2091 968 2143 ἁπλοῦν
985 2089 1021 2154 ἠν
1038 2089 1042 2158 Ι
1059 2087 1207 2154 *ἠτίμωται

191 2178 246 2229 ὑπὸ
261 2177 398 2244 Μειδίου’,
413 2179 446 2230 τά
461 2180 491 2231 δὲ
507 2178 553 2247 ττῃ
568 2180 641 2247 ῥύμῃ
656 2183 707 2244 τῆ(
722 2180 808 2245 ὀργῆ(
822 2182 866 2232 καί
880 2183 931 2245 τῆ(
945 2177 1061 2244 ὕβρεωε’
1078 2175 1207 2242 παρείλη-

189 2281 256 2316 πται
273 2265 380 2317 πάθουε
400 2267 480 2318 ἕνεκα
499 2270 544 2319 καί
563 2267 725 2331 ἀξιώματος.
762 2272 822 2319 ταῑ(
844 2268 873 2319 δὲ
891 2265 1067 2332 περιφράεεει
1086 2265 1207 2317 επανίωε

190 2358 312 2419 χρῶνται
329 2354 355 2406 οί
368 2355 510 2420 πολιτικοί,
529 2356 673 2410 πλεονάζει
692 2357 721 2408 δὲ
741 2356 771 2407 ἐν
790 2356 886 2407 αὐταῖε
905 2354 1107 2420 ὁθουκυδίδη(
1126 2357 1171 2406 καί
1190 2355 1206 2406 ὁ

151 2456 176 2496 20
189 2443 311 2495 Πλάτων
326 2445 371 2496 καί
385 2443 412 2495 οἱ
425 2443 547 2510 ποιηταί,
567 2443 628 2497 οἷον
642 2445 719 2510 παρὰ
734 2445 784 2509 μὲν
799 2443 911 2511 Ὁμήρῳ
927 2443 959 2510 (Λ
974 2444 1035 2509 090)
1056 2441 1111 2508 ‘pin
1127 2442 1206 2508 Ἡρα·

190 2530 276 2597 κλείη’
297 2532 359 2584 ἀντὶ
376 2536 427 2584 τοῦ
448 2532 603 2600 Ἡρακλέοε,
623 2538 669 2587 καὶ
688 2535 713 2600 (β
728 2534 790 2600 400)
811 2532 882 2598 *ἱερὴ
902 2533 927 2585 it
940 2531 1123 2598 Τηλεμάχοιο’
1144 2531 1206 2585 ἀντί

189 2624 239 2672 τοῦ
263 2621 437 2687 Τῃλέμαχοε·
469 2623 546 2688 παρὰ
570 2624 600 2676 δὲ
623 2624 756 2676 Πλάτωνι
780 2621 815 2674 ’ὠ
839 2627 888 2674 παῖ
912 2620 1044 2674 Κλεινίου’
1069 2620 1131 2673 ἀντὶ
1153 2625 1204 2673 τοῦ

191 2707 357 2775 Ἀλκιβιάδῃ
386 2711 462 2777 παρά
481 2713 511 2764 δὲ
530 2711 686 2779 Θουκυδίδῃ
707 2709 752 2779 (oi.
772 2717 794 2762 II
814 2713 855 2777 75,
876 2711 901 2777 3)
927 2709 984 2763 τκαί
1002 2709 1028 2762 οί
1047 2711 1096 2773 μὲν
1115 2709 1205 2762 ὕπνον

189 2797 322 2864 ᾐροῡντο’
339 2799 399 2851 άντί
413 2804 464 2852 τοῦ
480 2800 643 2854 ἐκάθευδον·
658 2801 735 2866 παρά
745 2801 776 2852 δὲ
786 2799 926 2867 Ἡροδότῳ
937 2801 958 2866 (I
968 2800 1029 2866 105)
1041 2799 1204 2864 ‘ivicmpev

150 2898 175 2938 κο
188 2887 206 2952 ἡ
217 2885 281 2938 θεά(
291 2886 403 2951 θήλειαν
413 2889 506 2942 νόεον’
523 2890 585 2943 ἀντὶ
597 2895 649 2942 τοῦ
659 2889 787 2955 ἑποίηεεν
797 2888 1014 2954 άνδρογύνουεῆ
1025 2888 1203 2951 κατεαγόταε.

260 3033 317 3080 24ο
336 3027 412 3082 idem
430 3031 588 3099 exemplum
603 3030 640 3082 αά
654 3030 773 3083 eandem
787 3029 906 3097 figuram
920 3027 1118 3081 illustrandam
1136 3027 1203 3080 uide

188 3116 221 3168 fr.
237 3121 271 3168 94
284 3135 312 3185 p.
328 3121 370 3182 ει,
387 3123 428 3171 14.

260 3205 313 3259 hoe
331 3205 364 3258 ir.
384 3208 413 3259 et
431 3205 463 3259 fr.
484 3209 539 3260 660
568 3207 683 3262 Caecilii
711 3205 866 3260 sententias
892 3204 1034 3260 continere
1058 3203 1086 3258 C.
1106 3222 1124 3256 A
1142 3203 1203 3257 Mo-

188 3311 291 3347 ακποιπ
305 3294 323 3347 l.
340 3312 360 3348 s.
375 3312 402 3363 p.
418 3301 452 3349 48
463 3314 484 3362 s,
503 3300 539 3364 (p.
555 3301 608 3366 52),
627 3315 654 3364 p.
670 3301 703 3350 56
722 3295 785 3348 adn.
801 3300 843 3362 58,
863 3293 991 3348 Minimus
1005 3293 1023 3347 l.
1039 3310 1059 3347 s.
1076 3311 1102 3362 p.
1119 3297 1161 3358 18,
1177 3301 1202 3360 2,

189 3381 328 3436 (λουυιωτπ
343 3384 362 3437 I.
377 3401 397 3438 s.
412 3403 440 3452 p.
456 3390 489 3438 33
500 3403 520 3451 s,
540 3386 664 3438 BInczIr
678 3383 696 3438 I.
713 3403 733 3438 s.
747 3403 775 3453 p.
791 3389 825 3437 38
845 3384 1055 3438 οουίοαάετυαί.

260 3602 293 3650 16
312 3598 360 3651 καί
378 3606 427 3668 τῆς
444 3597 550 3670 ὕβρεως
567 3607 617 3669 τῆς
636 3615 669 3653 ex
687 3598 775 3664 Dem.,
793 3607 826 3670 τῇ
846 3597 907 3651 Tib.
926 3597 1010 3663 liber;
1030 3595 1064 3650 ef.
1083 3614 1110 3649 u.
1127 3602 1168 3650 17.
