2666 3912
130 197 191 248 VH.
210 196 298 246 ΠΕΡΙ
315 195 391 246 ΤΟΤ
409 194 651 248 ΧΑΡΑΚΤΗΡΟΣ
668 196 743 247 ΤΩΝ
761 195 857 246 ΔΕΚΑ
874 194 1046 246 ΡΗΤΟΡΩΝ
1080 193 1141 255 111

178 345 296 413 *12711
314 353 448 407 Lamus
467 362 704 410 n1ouauas1164z
728 357 856 420 γεγόναςι
875 355 901 408 δ’
919 353 1038 419 Αἰςχίναι
1058 354 1142 408 όκτῶ.

127 449 241 512 πρῶτος
264 444 349 497 αὐτὸς
374 445 468 498 οὗτος·
493 447 623 512 δεύτερος
647 446 673 498 δ’
691 447 707 497 ό
729 445 780 498 τὰς
802 446 901 509 τέχνας
923 445 1074 510 γεγραφὼς
1095 444 1146 496 τὰς

79 572 82 578 -
128 533 289 601 ῥητορικός
308 533 401 600 τρίτος
417 535 434 586 ό
449 535 544 601 ῥήτωρ
559 536 576 587 ό
590 535 661 588 κατὰ
675 535 871 601 Δημοςθένην·
890 535 1025 599 τέταρτος
1040 532 1147 599 Ἀρκάς,

129 624 255 690 μαθητὴς
280 622 460 689 Ἰςοκρότους·
488 625 614 689 πέμπτος
636 625 653 676 ό
677 625 879 689 Μυτιληναῖος,
905 622 938 675 ὃν
962 624 1007 674 καί
1030 623 1147 688 ῥητορο-

15 773 17 780 y
129 712 244 778 μάςτιγα
271 712 404 764 ἐκάλουν·
437 713 516 766 έκτος
545 712 727 779 Νεαπολίτης,
761 712 915 780 φιλόςοφος
947 712 1145 777 ἀκαδημαϊκὸς,
1174 725 1189 766 ο

129 800 287 854 Μελανθίου
310 805 361 853 τοῦ
381 800 488 854 Ῥοδίου
513 803 639 867 μαθητὴς
658 804 703 854 καί
720 801 845 854 παιδικό
870 801 988 865 ἕβδομος
1007 799 1146 865 Μιλήςιος,

128 889 267 943 πολιτικός
286 891 473 956 ςυγγραφεύς·
493 891 595 954 δγδοος
614 890 852 956 ἀνδριαντοποιός.

199 1030 246 1084 hio
265 1029 410 1100 catalogus
427 1029 598 1084 Aeschinum
616 1030 780 1085 referendus
799 1032 842 1084 est
860 1030 897 1082 ad
916 1029 950 1082 fr.
966 1035 1026 1094 127,
1042 1033 1146 1081 15-16

129 1121 158 1174 εί
167 1118 200 1173 fr.
213 1124 262 1173 12⁷
271 1135 293 1186 ο,
306 1124 419 1173 19-21.
483 1121 628 1173 auctorem
638 1118 744 1174 Laertii
754 1117 908 1173 Caecilium
920 1134 981 1173 esse
990 1118 1084 1171 Musa
1093 1116 1111 1170 l.
1123 1134 1145 1171 α,

128 1227 156 1278 p.
173 1213 223 1261 131
243 1206 404 1263 affirmauit.
511 1200 514 1216 ¹

198 1396 268 1464 128
287 1403 406 1457 Ριιοπινα
421 1404 489 1458 bibl.
510 1405 571 1459 cod.
587 1409 619 1457 61
639 1423 667 1474 p.
683 1406 762 1458 20¹>8
782 1431 815 1450 =
834 1423 861 1474 p.
879 1403 1022 1472 10,1Bl.:
1042 1405 1096 1457 ἔςτι
1115 1405 1146 1456 δέ

129 1496 145 1547 ό
168 1496 252 1559 λόγος
275 1495 352 1563 αὐτῷ
377 1496 469 1562 ὥςπερ
492 1497 639 1561 αὐτοφυὴς
663 1498 707 1548 καί
733 1496 921 1561 αὐτοςχέδιος,
949 1495 983 1547 οὐ
1010 1498 1146 1546 τοςοίλτον

129 1585 223 1636 διδοὺς
243 1585 297 1650 τὴν
319 1585 422 1650 τέχνην
446 1584 653 1650 όποθαυμάζειν
675 1589 727 1637 τοί)
752 1584 865 1650 ἀνδρός,
890 1585 956 1637 όςον
977 1585 1031 1649 τὴν
1055 1582 1145 1649 φύςιν.
1161 1598 1188 1636 ιο

17 1701 21 1708 ·
128 1675 174 1726 καί
196 1674 249 1739 γὰρ
273 1673 323 1726 όςα
346 1675 506 1740 δεινότητος
530 1675 632 1739 ἔχεται,
659 1678 748 1726 ταῦτα
774 1674 845 1726 έετιν
871 1674 963 1739 εὑρεῖν
988 1672 1063 1738 παρὰ
1088 1677 1147 1724 τοῖς

128 1761 221 1826 λόγοις
240 1763 336 1828 αὐτοῦ,
356 1764 401 1815 καί
420 1761 438 1814 δ
457 1763 568 1828 φὺςεως
587 1763 691 1827 μᾶλλόν
709 1762 765 1815 ἐςτι
784 1762 925 1826 δείγματα.
963 1760 1026 1827 περί
1043 1776 1074 1813 τε
1092 1760 1145 1826 γὰρ

128 1852 181 1918 τὴν
200 1850 349 1915 όνομαςίαν
369 1851 441 1904 ἐςτίν
460 1851 567 1917 ἀφελὴς
586 1853 631 1904 καί
650 1852 780 1917 εόςημος,
805 1853 850 1903 καί
872 1853 935 1917 περί
953 1852 1006 1916 τὴν
1024 1854 1083 1902 τῶν
1101 1850 1146 1902 λό-

128 1955 188 2003 γων
212 1941 334 1993 ςύνθεςιν
357 1941 423 1993 οὔτε
443 1941 513 2004 ἄγαν
533 1941 634 1993 ότονος
652 1941 745 2006 ὥςπερ
765 1938 930 2006 Ἰςοκράτης,
955 1940 1021 1992 οὔτε
1039 1955 1146 1992 πεπιες·

130 2030 212 2093 μένος
235 2031 279 2081 καί
303 2030 517 2095 ςυνεςφιγμένος
540 2031 632 2095 ὥςπερ
654 2029 766 2095 Λυςίας,
789 2029 925 2093 πνεύματι
949 2029 979 2081 δέ
1003 2030 1048 2081 καί
1069 2029 1145 2096 τόνῳ
1161 2042 1188 2082 15

130 2119 213 2171 οὐδέν
232 2119 430 2184 Δημοςθένους
453 2117 603 2171 ἀπολείπει.
641 2117 758 2183 ςχήματι
776 2119 807 2170 δέ
826 2119 957 2184 κέχρηται
976 2117 1097 2170 διανοίας
1114 2133 1146 2170 τε

130 2210 174 2260 καί
192 2208 293 2260 λέξεως
316 2208 350 2259 οὐ
373 2207 444 2273 πρὸς
467 2207 500 2259 τό
524 2208 616 2260 δοκεῖν
638 2223 665 2260 τι
688 2209 737 2260 ςὺν
760 2208 843 2275 τέχνῃ
863 2207 964 2273 λέγειν,
990 2205 1146 2272 ἀλλὰπρὸς

128 2297 162 2350 τό
181 2296 403 2360 ἀναγκαιότατον
416 2301 475 2348 τοῖς
488 2297 680 2362 ὑποκειμένοις
694 2296 856 2362 πράγμαςιν.
890 2295 933 2348 διό
948 2297 993 2348 καί
1007 2295 1146 2361 ἀπάνουρ-

129 2386 179 2449 γός
196 2401 257 2437 πιιις
276 2385 291 2436 ό
310 2385 394 2448 λόγος
413 2385 482 2437 εἶναι
501 2386 590 2452 δοκεῖ,
614 2387 659 2438 καὶ
677 2385 748 2451 πρὸς
766 2385 816 2437 τὰς
835 2384 865 2437 έν
883 2384 983 2450 πλήθει
1001 2384 1146 2451 ῥητορείας

130 2474 264 2526 καὶτοὺς
287 2472 443 2526 ἰδιωτικοὺς
466 2475 567 2538 λόγους
592 2473 695 2539 μάλιςτ’
719 2474 753 2526 όν
775 2475 903 2540 πρέπων·
931 2475 975 2526 καί
1000 2473 1054 2539 γὰρ
1080 2474 1145 2526 οὐδέ
1161 2488 1188 2526 ao

130 2561 333 2628 ἑπιχειρήμαςιν
359 2563 425 2616 οὐδέ
452 2562 622 2629 ένθυμήμαςι
648 2562 764 2628 ςυνεχὴς
788 2578 829 2615 τις
855 2565 900 2615 καί
925 2562 986 2615 λίαν
1013 2562 1147 2627 έκβεβιας-

131 2651 221 2716 μένος.

203 2796 236 2844 13
247 2809 274 2845 ss
293 2791 328 2845 cf.
348 2790 381 2845 fr.
402 2797 454 2845 144
471 2810 499 2861 ρ.
521 2797 581 2860 126,
600 2797 662 2846 811.
737 2797 768 2844 16
780 2809 807 2846 εν
826 2790 860 2846 cf.
881 2791 914 2844 fr.
935 2797 977 2858 71,
997 2796 1110 2845 20-22.

200 2879 231 2934 in
256 2880 302 2934 his
327 2881 421 2934 uerbis
447 2879 562 2934 Caecilii
587 2880 733 2952 ingenium
759 2883 868 2936 exsiare
891 2879 1146 2934 Bussl.c.1112

130 2989 157 3040 p.
174 2975 224 3023 189
243 2972 272 3024 et
291 2970 317 3024 ei
336 2969 526 3039 adstipulatus
545 2970 671 3024 Bazosn
689 2969 708 3023 l.
728 2987 751 3024 ο,
770 2989 797 3039 ρ,
814 2976 882 3024 1183
902 2971 1083 3024 contendunt.

203 3189 234 3236 11
255 3183 371 3253 καὶγὰρ
390 3216 423 3224 -
446 3189 477 3237 12
498 3182 632 3252 δείγματα
650 3186 789 3253 ‚puguant
807 3201 870 3238 οιιιιι
886 3183 1085 3254 superioribus,
1104 3183 1148 3235 ui-

132 3256 288 3322 denturque
305 3255 417 3310 diuersa
432 3256 487 3308 duo
502 3255 609 3308 iudicia
624 3255 774 3308 commixta
788 3263 856 3309 asse*
871 3255 959 3310 Blass.
1031 3261 1063 3309 19
1078 3254 1148 3320 πρός

131 3325 220 3392 Blaas,
242 3327 279 3390 ὡς
295 3325 371 3380 libri.
445 3333 486 3381 19.
506 3331 540 3379 20
559 3325 610 3389 τὰς
628 3369 634 3380 .
651 3369 656 3380 ,
676 3323 822 3396 ῥητορείας
839 3327 888 3381 καί
905 3329 971 3388 τοὺς
989 3326 1149 3385 ἰδιωτικοὺς

131 3394 231 3467 λόγους
249 3401 286 3463 A,
312 3407 375 3460 ταῖς
394 3441 421 3452 ..
442 3395 598 3468 §mapulas
623 3398 672 3451 καί
697 3406 755 3459 τοῖς
780 3399 932 3460 ἰδιωτικοῖς
953 3395 1046 3468 λόγοις
1068 3396 1147 3467 uulg.

132 3474 166 3522 20
185 3465 294 3538 μάλιστ’
311 3467 347 3522 ἂν
365 3467 480 3537 πρέπων
499 3469 588 3536 Βίυαε,
606 3467 724 3538 μάλιστα
743 3469 889 3540 ἐμπρέπων
906 3469 982 3524 libri.
