2664 3906
435 225 826 278 PSEVDOOAECILIANVM
1071 219 1136 288 209

121 396 210 471 μεῖν,
243 389 320 453 ούτε
351 390 511 454 ναυτικὸν
543 386 675 474 ἔχοντες
707 388 783 453 οὔτε
814 384 964 473 ἔμπειροι
998 386 1138 471 ἀγώνων

121 496 216 572 ὄντες
241 498 432 561 θαλαττίων
462 505 520 580 τῆς
548 497 763 580 Καρχηδόνος
793 494 974 571 τοσούτους
997 497 1139 579 χρόνους

122 599 427 688 ἐνδυναστευούσης
446 613 485 690 τῇ
504 603 663 689 θαλάττη,
682 600 737 667 καὶ
756 602 874 666 νεωστί
888 603 1029 687 Πύρρον
1049 602 1139 667 ίδόν-

120 732 174 786 τες
196 708 251 775 ὑπ’
275 711 387 776 αὐτῶν
408 709 797 795 κατανεναυμαχημένον,
826 716 1024 793 τηλικοῦτον
1045 713 1139 791 βασι-

122 815 194 901 λέα,
221 825 325 881 ταῦτα
352 827 412 883 τοῦ
439 819 676 903 Καρχηδονίου
705 815 872 900 λέγοντος·
903 815 1018 900 “ἡμεῖς’
1048 808 1139 881 εἶπεν
1166 835 1179 876 ε

122 923 240 1001 ὀὕτως
267 926 473 1010 πεφύκαμεν·
508 963 551 971 -
576 923 639 1010 έρώ
670 923 710 989 δέ
737 941 790 989 σοι
819 919 901 1008 ἔργα
931 922 1139 1008 ἀναμφισβη-

121 1054 215 1114 τητα,
247 1032 303 1096 ἵνα
332 1029 409 1118 ἔχης
438 1031 660 1115 ἀπαγγέλλειν
689 1042 728 1117 τῇ
758 1033 918 1095 πόλει-
944 1041 1014 1106 τοῖς
1043 1034 1139 1094 πολε,

120 1147 242 1219 μοῦσιν
266 1140 313 1216 είς
334 1140 374 1204 τά
398 1136 535 1204 ἐκείνων
558 1142 638 1225 ἔργα
661 1139 970 1221 συγκαταβαίνομεν
988 1136 1051 1202 κάν
1069 1148 1139 1214 τοῖς

121 1244 309 1329 ἀλλοτρίοις
322 1245 558 1330 ἐπιτηδεύμασι
576 1249 753 1331 περίεσμεν
771 1256 838 1310 τῶν
856 1243 892 1310 ἐκ
911 1249 1038 1310 πολλοῦ
1057 1245 1140 1310 αύτά

121 1351 323 1436 ἠσκηκότων.
351 1351 518 1438 Τυρρηνοὶ
537 1355 600 1438 γάρ
619 1352 699 1437 ημῖν
717 1351 902 1434 ἐπολέμουν
921 1352 1139 1436 χαλκάσπιδες
1154 1374 1179 1413 ιο

121 1459 176 1524 καί
195 1461 422 1544 φαλαγγηδόν,
442 1461 483 1526 οὐ
502 1461 585 1524 κατὰ
604 1461 740 1546 σπείρας
758 1461 951 1545 μαχόμενοι·
972 1457 1028 1523 καὶ
1047 1459 1140 1543 ἡμεῖς

121 1566 405 1647 μεθοπλισθέντες
430 1568 568 1632 καὶτὸν
592 1566 728 1633 ἐκείνων
751 1567 914 1651 ὁπλισμὸν
937 1569 1139 1651 μεταλαβόν-

25 1697 30 1718 ’
121 1697 174 1750 τες
197 1677 467 1758 παρεταττόμεθα
492 1675 617 1751 αὐτοῖς·
644 1676 699 1741 καῖ
723 1678 802 1751 τοὺς
824 1673 861 1738 έκ
883 1675 1039 1739 πλείστου
1064 1671 1139 1738 ἐθά-

121 1782 181 1858 δας
204 1792 271 1846 τών
294 1780 332 1847 έν
356 1783 502 1866 φάλαγγι
526 1781 667 1865 ἀγώνων
690 1781 795 1858 οὕτως
816 1780 1053 1864 ἀγωνιζόμενοι
1073 1779 1139 1846 ένι-

121 1899 239 1973 κώμεν.
286 1889 348 1954 ούκ
380 1884 422 1972 ἦν
452 1889 470 1954 ὁ
500 1889 703 1966 Σαυνιτικὸς
733 1889 815 1972 ἡμῖν
844 1889 969 1974 θυρεὸς
1000 1888 1138 1972 πάτριος
1153 1908 1178 1948 15

121 1994 193 2060 οὐδ’
215 1996 342 2073 ὑσσοὺς
366 2003 512 2081 είχομεν,
539 1995 609 2062 ἀλλ’
633 1996 770 2088 ἀσπίσιν
794 1995 982 2080 ἐμαχόμεθα
1005 1993 1059 2059 καὶ
1084 1996 1139 2059 δό-

122 2119 231 2186 ρασιν·
263 2102 335 2168 ἀλλ’
357 2103 429 2168 οὐδ’
454 2105 607 2170 ἱππεύειν
636 2105 806 2189 ίσχύομεν,
835 2102 872 2167 τὸ
903 2103 940 2167 δὲ
967 2111 1034 2167 πᾶν
1057 2101 1077 2185 ἢ
1101 2104 1138 2167 τὸ

121 2213 278 2274 πλεῖστον
314 2219 371 2295 τῆς
399 2209 576 2295 Ῥωμαϊκῆς
613 2213 785 2296 δυνάμεως
821 2210 920 2289 πεζὸν
955 2205 1005 2293 ἦν.
1056 2208 1139 2273 ἀλλά

121 2319 304 2392 Σαυνίταις
331 2319 549 2394 καταστάντες
576 2320 624 2395 είς
650 2321 795 2403 πόλεμον
823 2319 877 2382 καῖ
906 2328 976 2394 τοῖς
1002 2316 1139 2382 ἐκείνων

121 2429 261 2506 θυρεοῖς
290 2424 344 2488 καί
374 2424 490 2501 ὑσσοῖς
519 2424 736 2502 ὁπλισθέντες
768 2426 919 2490 ίππεύειν
948 2447 983 2489 τε
1014 2424 1138 2500 αὑτοὺς
1152 2446 1177 2484 ιο

121 2529 382 2614 ἀναγκάσαντες,
406 2530 593 2616 ἀλλοτρίοις
617 2530 732 2609 ὅπλοις
755 2531 810 2597 καὶ
835 2533 1021 2616 ζηλώμασιν
1044 2531 1139 2597 έδου-

121 2639 300 2723 λωσάμεθα
322 2639 401 2714 τοὺς
424 2636 507 2723 μέγα
530 2636 582 2723 ἐφ’
606 2636 737 2730 ἑαυτοῖς
759 2641 1019 2724 πεφρονηκότας.
1059 2634 1139 2704 οὐδὲ

120 2749 328 2830 πολιορκεῖν,
356 2741 381 2810 ὦ
406 2748 648 2832 Καρχηδόνιοι,
676 2744 911 2828 ἐγινώσκομεν·
944 2745 1026 2811 ἀλλά
1051 2746 1139 2830 παρά

17 2933 23 2953 Ι
120 2863 188 2916 τών
207 2851 377 2935 Ἑλλήνων
403 2855 583 2937 μαθόντες,
614 2852 748 2938 ἀνδρῶν
776 2862 836 2917 τοῦ
860 2848 960 2937 ἔργον
985 2874 1139 2936 πεπειρα-

119 2957 246 3043 μένων,
277 2959 440 3026 κάκείνων
472 2971 539 3026 τών
572 2959 800 3044 ἐπιστημόνων
831 2958 886 3024 καὶ
916 2961 1051 3025 πάντων
1081 2960 1137 3025 ἀν·
1152 2981 1178 3021 τε

120 3068 269 3151 θρώπων
298 3066 334 3132 έν
356 3072 532 3154 πολιορκίᾳ
556 3069 769 3151 δεδυνήμεθα
792 3065 906 3132 πλέον·
935 3068 979 3151 μὴ
1003 3069 1043 3151 δη
1064 3065 1139 3132 Ῥω-

120 3175 239 3256 μαίους
266 3173 486 3258 ἀναγκάσαιτε
514 3177 665 3254 άψασθαι
693 3187 760 3239 τών
783 3175 985 3239 θαλαττίων·
1020 3176 1049 3239 ελ
1072 3177 1137 3259 γάρ

121 3280 200 3364 ἡμῖν
223 3281 333 3363 δεήσει
357 3291 527 3366 ναυτικοῦ,
551 3285 686 3359 πλείους
708 3282 770 3363 μὲν
793 3280 848 3346 καὶ
868 3280 1024 3363 ἀμείνους
1042 3281 1138 3364 ὑμῶν

192 3478 207 3526 3
227 3473 342 3542 Πύρρον
362 3475 468 3543 Arnim,
486 3476 577 3543 πόρον
597 3475 657 3530 eod.
749 3482 782 3530 10
804 3475 944 3544 Τυρρηνοί
962 3474 1069 3542 Arnim,
1092 3494 1137 3530 τν-

121 3547 202 3614 ρηνολ
221 3544 281 3599 cod.
362 3553 395 3600 26
415 3546 450 3616 δὴ
465 3547 572 3614 Arnim,
592 3547 622 3603 δὲ
637 3547 697 3601 eod.
771 3554 805 3601 27
825 3547 1013 3616 ἀναγκάσαιτε
1032 3547 1138 3601 Rader-

15 3691 16 3694 ,
120 3616 241 3684 macher,
261 3617 433 3687 ἀναγκάσετε
452 3619 522 3685 οοό,
541 3618 710 3689 ἀναγκάζετε
730 3620 836 3674 Arnim.

174 3715 268 3756 anoilfl
283 3716 394 3758 Calactini
408 3719 543 3768 fragments.
944 3714 977 3762 14
