2666 3910
180 243 224 307 46
501 247 547 296 IV.
568 246 655 296 ΠΕΡΙ
673 246 876 296 ΣΧΗΜΑΤΩΝ

182 405 263 459 πάλιν
283 406 369 472 (XIIII
384 406 427 474 48)
449 404 538 471 ’μέχρι
554 407 658 458 τούτου
673 406 817 471 Τιμόλαος,
838 403 935 476 (ἕως)
955 406 1079 459 ἀπώλεςε
1093 405 1199 471 Θήβας·

75 499 107 546 73
121 492 166 561 Sp.
183 494 261 560 μέχρι
282 495 386 546 τούτου
407 493 520 548 Εὔδικος
543 497 587 547 καί
611 494 692 558 (ιμός
716 495 742 547 οἱ
765 494 939 561 Λαριςςαῑοι’.
967 493 969 562 l
998 494 1142 561 ἐνάργειαν
1165 497 1199 548 τό

181 586 271 648 ςχῆμα
290 585 334 635 καὶ
353 584 535 649 λαμπρότητα
550 583 700 649 ἐργάζεται.
734 584 845 636 κάκεῖνο
860 583 1026 650 ἐπαναφορὰ
1046 582 1200 651 (Βοιιιοοίίι.

181 678 258 724 XVIII
273 672 334 738 121)
356 671 393 725 ‘vl
412 673 476 738 οὖν,
501 673 524 724 ὡ
543 673 714 739 ταλαίπωρε,
735 679 929 738 ςυκοφαντε1ς;
955 673 982 726 τί
1000 674 1101 736 λόγου(
1119 674 1203 727 πλάτ-

155 775 250 823 οτεις;
269 760 296 813 τί
315 762 417 814 ςαυτόν
436 762 488 814 οὐκ
507 761 685 827 ἐλλεβορίζεις
704 762 748 814 ἐπὶ
766 761 901 824 τούτοις;’

254 865 359 920 similia,
373 866 533 920 Alexander
547 867 590 936 (fr.
606 869 673 936 63a)
689 866 810 921 exhibet.
845 865 997 920 Caecilium
1017 867 1123 921 fontem
1140 884 1199 922 esse

182 955 311 1008 Μητίονα
330 956 348 1008 l.
369 973 389 1008 s.
409 974 436 1024 p.
453 961 494 1024 16,
511 961 526 1008 2
546 958 574 1008 et
594 953 734 1008 Οοοοοντο
753 956 771 1010 l.
792 964 812 1008 τ’.
833 974 859 1024 p.
877 961 909 1008 19
929 958 1096 1010 statuerunt.

249 1108 323 1174 638,
342 1115 464 1169 Emeum
478 1117 637 1168 Ammnm
651 1123 684 1168 III
703 1134 730 1184 p.
748 1120 789 1182 20,
806 1121 839 1169 30
854 1115 914 1184 Sp:
934 1118 1101 1184 ἐπαναφορὰ
1120 1118 1199 1185 ἐςτιν,

182 1206 250 1258 όταν
269 1206 324 1258 ἀπὸ
343 1210 394 1258 που
415 1207 503 1258 αὐτοῦ
518 1205 657 1271 ὀνόματος
672 1207 724 1259 δύο
739 1208 756 1272 ἢ
771 1206 858 1259 πλείω
873 1209 948 1259 κῶλα
963 1207 1088 1272 ἄρχηται,
1109 1208 1200 1273 ὥςπερ

75 1299 107 1346 21
122 1292 167 1362 Sp.
182 1299 223 1362 τῷ
239 1295 410 1361 Δημοςθένει
427 1293 518 1347 ‘mor’
532 1297 610 1347 εἷπον
625 1296 695 1361 ὑπὲρ
711 1296 799 1361 ὑμῶν,
818 1295 898 1348 ταῦτ’
912 1296 1085 1362 ἐπρέςβευςα,
1103 1297 1106 1364 l
1122 1295 1201 1348 ταῦτ’

182 1383 322 1449 ἐδεήθην’,
348 1385 365 1448 ἢ
390 1384 459 1436 όταν
483 1383 528 1437 ἐπί
550 1385 621 1436 πολὺ
645 1385 678 1436 τό
698 1385 787 1449 όνομα
807 1385 837 1436 ἐν
857 1384 927 1452 ἀρχῇ
950 1388 1009 1436 τῶν
1032 1369 1131 1437 κώλων
1155 1387 1201 1438 καί

142 1489 167 1525 10
180 1477 239 1525 τῶν
257 1472 396 1538 περιόδων
415 1473 545 1525 πολλάκις
563 1473 819 1540 παραλαμβάνηται,
844 1474 911 1541 [καί]
930 1475 947 1540 ἢ
968 1474 1038 1526 αὐτὸ
1058 1475 1075 1539 ἢ
1094 1474 1128 1526 τό
1147 1472 1199 1526 lco-

182 1563 324 1625 δυναμοῡν
348 1563 427 1630 αὐτῷ
452 1562 613 1630 [όνομάζει].
653 1565 698 1615 καί
723 1563 792 1616 αὐτό
813 1564 863 1628 μέν
882 1563 921 1615 ὡς
939 1563 972 1615 τό
992 1562 1200 1628 Δημοςθενικόν

181 1651 343 1716 (1111111111)
365 1649 401 1704 ’τί
418 1651 481 1718 οὖν,
501 1651 525 1703 ὠ
543 1651 716 1717 ταλαίπωρε,
737 1657 931 1718 ςυκοφαντεῑς;
951 1651 978 1704 τί
996 1651 1098 1714 λόγους
1116 1652 1199 1704 πλάτ-

180 1754 248 1803 τειες
262 1739 289 1793 τί
299 1741 401 1792 ςαυτόν
411 1741 463 1792 οὐκ
474 1740 675 1806 ἐλλεβορίζεις;’
692 1743 737 1792 καί
748 1742 787 1793 ὡς
796 1741 829 1793 τὸ
840 1740 989 1806 Ὁμηρικόν
1004 1740 1035 1806 (Β
1047 1741 1197 1806 671-672)

289 1829 386 1894 Νιρεὺς
405 1829 440 1881 αὖ
461 1829 586 1895 (ύμηθεν
606 1830 681 1895 όγεν,

143 1930 167 1969 15
290 1919 387 1984 Νιρεὺς
408 1918 533 1982 Ἀγλαΐας
553 1918 619 1971 υίός.

180 2006 213 2058 τό
237 2006 263 2061 δ’
280 2004 465 2072 ἰςοδυναμοίίν
489 2009 592 2073 οὕτως,
620 2008 658 2060 ὡς
682 2007 706 2060 εἴ
728 2024 770 2060 τις
793 2009 868 2071 λέγοι
895 2007 1035 2060 ’ἐπέδωκα
1059 2012 1094 2075 τῇ
1119 2008 1199 2060 πόλει

180 2094 317 2161 χρήματα,
331 2097 470 2162 παρέςχον
480 2097 647 2162 ςυμμάχους,
663 2096 830 2163 ἐχαριςάμην
840 2096 932 2162 όπλα’,
948 2099 992 2148 καί
1005 2098 1043 2149 ὼς
1058 2095 1198 2160 (Aeschin.

180 2190 214 2234 III
229 2187 279 2234 257
292 2185 314 2250 s)
335 2184 362 2236 ί*
378 2186 465 2238 αὐτοῦ
480 2189 539 2237 τῶν
554 2185 799 2250 δωροδοκημάτων
813 2188 969 2252 παρακαλῇ,
989 2185 1199 2250 ὑπολαμβάνετε

181 2277 304 2339 καθορᾶν
323 2274 367 2326 ἐπὶ
385 2277 436 2325 τοῦ
457 2274 579 2339 βήματος
598 2273 930 2340 ἀντιπαρατεταγμένους,
951 2273 1064 2327 (όλωνα
1084 2274 1133 2338 μέν
1147 2274 1198 2327 τόν

141 2374 166 2412 ιο
180 2361 331 2415 καλλίςτοις
355 2361 451 2427 νόμοις
475 2361 648 2427 κοςμήςαντα
671 2364 724 2426 τὴν
749 2362 948 2429 δημοκρατίαν,
977 2361 1143 2428 Ἀριςτείδην
1167 2364 1198 2415 δέ

179 2450 230 2503 τόν
254 2452 321 2503 τοὺς
347 2451 455 2518 φόρους
480 2451 601 2526 τάξαντα
626 2456 684 2504 τοῖς
708 2451 845 2516 (Ἐλλητιν,
871 2451 1070 2516 ἐπερωτῶντα,
1097 2449 1120 2503 εί
1146 2452 1198 2504 οὐκ

181 2537 345 2608 αίςχύνεςθε,
361 2538 384 2592 εί
398 2539 425 2592 οἱ
438 2540 555 2606 πατέρες
565 2541 645 2606 ὑμῶν
657 2539 795 2606 Ἀρίθμιον
805 2541 856 2593 τόν
865 2538 1008 2605 Ζελείτην’
1025 2542 1070 2592 καί
1080 2541 1114 2592 τὰ
1124 2540 1195 2604 ἑξῆς.

253 2649 356 2698 13-15
380 2645 414 2698 οί.
438 2644 597 2698 Demetrius
621 2644 656 2697 de
679 2643 747 2698 eloe.
769 2652 801 2699 61
826 2646 854 2697 et
877 2644 992 2698 Aristot.
1017 2644 1087 2698 rhet.
1108 2650 1193 2697 11112

179 2750 206 2801 p.
224 2737 306 2786 1414*
320 2739 371 2786 βου
390 2736 430 2802 (el
448 2733 479 2787 fr.
497 2739 530 2786 10
544 2751 571 2801 p.
588 2739 612 2797 8,
628 2737 681 2802 24).

248 2893 294 2958 64
319 2894 367 2982 (=
392 2896 434 2960 39
457 2895 509 2983 Β.)
533 2895 690 2967 QVINTIL.
713 2900 756 2959 IX
780 2895 814 2978 3,
837 2893 897 2959 46:
930 2895 992 2958 hoe
1025 2893 1195 2960 Caecilio

180 3002 424 3085 pleonasmus
451 3004 592 3088 uidetur,
622 3004 655 3066 id
683 3008 741 3066 eut
768 3001 964 3066 abundans
993 3023 1106 3084 super
1132 3023 1196 3066 ne-

140 3109 401 3174 emensitatem
425 3110 562 3191 oratio,
586 3111 670 3174 sieut
693 3109 749 3172 illa
773 3119 850 3178 (Aen.
871 3116 1016 3182 X11638):

253 3274 266 3319 l
287 3265 338 3330 ἕως
357 3267 421 3319 add.
437 3283 471 3320 ex
485 3267 563 3322 Dem.
583 3266 763 3319 Boissonade.
838 3273 853 3318 2
874 3264 1032 3335 ἐνάργειαν]
1053 3263 1196 3334 ἐνέργειαν

180 3337 254 3405 libri,
265 3339 314 3390 sed
325 3336 359 3392 cf.
370 3337 403 3390 fr.
416 3344 456 3391 16.
511 3342 524 3391 I
537 3337 674 3407 ὀνόματος
684 3336 813 3406 Spengel,
824 3335 964 3405 κόμματος
973 3334 1045 3388 libri.
1099 3341 1132 3388 10
1146 3336 1195 3388 καί

180 3411 208 3462 et
223 3407 351 3476 ὀνομάζει
365 3409 458 3462 damn.
474 3409 603 3478 Spengel.
665 3414 697 3460 15
712 3409 777 3476 post
791 3406 851 3470 υἱός
864 3408 894 3459 in
908 3406 988 3460 libris
1004 3406 1039 3458 ab
1054 3406 1110 3458 elio
1124 3406 1194 3460 haee

179 3479 266 3534 uerba
286 3480 384 3533 addite
404 3483 480 3534 sunt:
499 3480 531 3534 τό
550 3477 579 3535 ‹I’
597 3480 786 3546 ἰσοδυναμοῦν
805 3477 892 3540 οὕτως
910 3477 1004 3547 (Soph.
1024 3476 1065 3530 III.
1082 3479 1143 3544 303)
1168 3476 1193 3531 ‘I

180 3548 263 3605 πάντ’
285 3550 401 3613 όίναλκις
420 3547 513 3619 οὗτος,
532 3552 549 3620 ν)
568 3559 646 3605 πᾶσα
665 3550 778 3621 βίοίβη’·
800 3550 925 3603 ἐνταῦθα
944 3548 997 3620 γὰρ
1015 3545 1048 3602 τό
1066 3567 1094 3601 τι
1114 3549 1194 3614 ἄρσο-

180 3623 260 3677 νικὸν
279 3623 390 3691 ἄρθρον
408 3621 505 3677 καὶτὸ
525 3619 651 3692 θηλυκὸν
671 3622 731 3675 ἴσον
751 3623 787 3683 ὡς
806 3619 876 3689 πρὸς
890 3621 921 3674 τὸ
936 3627 1051 3689 πρᾶγμα
1066 3618 1193 3673 δύναταί.
