2666 3912
474 228 507 278 V.
526 227 615 276 ΠΕΡΙ
634 225 766 277 ΤΨΟΤΣ
1094 222 1137 286 85

149 385 224 456 ίίψος
247 379 417 454 είναίφημι
437 382 498 439 ἴδιά
522 404 586 438 τινα
609 383 835 452 ἀλεξιφάρμακα,
860 381 902 438 δτι
921 387 959 456 τῷ
979 379 1070 454 ρὀθίῳ
1089 390 1138 451 τῆς

154 483 246 544 φορᾶς
267 475 349 528 ταυτί
371 471 498 542 πέφυκεν
525 471 638 527 ἅπαντα
663 467 749 526 τᾶλλα
773 473 948 541 παρασάρειν
974 474 1023 527 καί
1046 491 1138 539 προω-

149 568 229 631 θεῖν,
261 565 364 633 μᾶλλον
392 561 424 618 δέ
451 561 500 615 καί
529 562 566 623 ὡς
593 562 736 631 ἀναγκαῖα
763 562 877 624 πάντας
909 560 1136 634 εἰσίπράττεσθαι
1150 566 1183 614 56
1196 560 1229 614 V.

150 652 187 706 τὰ
219 650 382 722 παράβολα,
416 652 465 705 καί
498 651 550 704 οὐκ
583 651 615 726 ἐᾷ
647 650 697 705 τὸν
730 651 873 719 ἀκροατήν
905 650 1047 720 σχολάζειν
1073 650 1139 718 περί

151 741 200 796 τὸν
225 749 275 795 τοῦ
301 739 430 806 πλήθους
456 739 567 811 ἔλεγχον
593 739 641 794 διὰ
666 740 697 794 τὸ
724 744 932 794 συνενθουσιᾶν
957 744 996 813 τῷ
1019 736 1134 808 λέγοντι.
1163 753 1176 792 5

151 832 188 899 (ὅ)
208 829 277 883 ἀλλὰ
298 829 353 897 μὴν
373 829 403 883 έν
422 849 453 897 γε
471 838 534 890 ταῖς
552 825 735 898 τοπηγορίαις
752 829 800 882 καί
818 831 992 898 διαγραφαῖς
1006 829 1057 883 οὐκ
1072 827 1137 881 άλλο

149 939 175 972 τι
196 915 284 980 οὕτως
303 918 548 988 κατασημαντικὸν
568 919 605 980 ὡς
623 918 651 972 οἱ
666 926 790 990 συνεχεῖς
804 919 852 972 καί
867 917 1015 986 ἐπάλληλοι
1028 914 1136 983 τρόποι.

115 1004 154 1063 δι’
178 1003 216 1060 ὧν
240 1008 298 1061 καί
323 1007 416 1074 παρά
443 1009 644 1075 Ξενοφῶντι
669 1009 792 1078 (memor.
812 1013 867 1072 14,
887 1009 914 1077 ὅ)
939 1005 957 1075 ή
982 1006 1138 1073 τάνθρω-

114 1093 217 1150 πίνου
237 1093 384 1162 σκήνους
402 1095 554 1165 ἀνατομή
573 1105 754 1165 πομπικῶς
772 1097 829 1150 καί
849 1097 897 1151 ἔτι
913 1099 1038 1165 μᾶλλον
1053 1095 1136 1149 άνα-

114 1191 350 1255 ζωγραφεῖται
368 1181 475 1246 θείως
492 1185 584 1252 παρδι
602 1189 645 1258 τῷ
659 1185 818 1239 Πλάτωνι
834 1185 914 1255 (Tim.
930 1203 958 1254 p.
974 1185 1053 1251 69d).
1077 1183 1137 1252 τήν
1152 1199 1177 1238 10

118 1275 177 1343 μὲν
201 1273 353 1343 κεφαλήν
378 1274 482 1328 αὐτοῦ
507 1291 611 1343 φησιν
635 1272 839 1342 ἀκρόπολιν,
868 1275 993 1343 ἰσθμὸν
1019 1272 1055 1328 δὲ
1081 1271 1137 1341 μέ-

115 1381 173 1418 σον
190 1366 194 1432 Ι
211 1364 496 1436 διφκοδομῆσθαι
522 1364 645 1432 μεταξὺ
668 1372 727 1418 τοῦ
747 1363 896 1430 στήθους
913 1363 972 1418 τὸν
991 1361 1133 1432 αὐχένα,
1148 1368 1180 1415 57
1195 1361 1228 1414 V.

115 1451 335 1522 σφονδύλους
359 1471 393 1506 τε
418 1450 674 1522 ὑπεστηρῖγθαί
697 1470 802 1522 φησιν
820 1449 900 1506 οἷον
927 1449 1137 1521 στρόφιγγας

116 1540 162 1609 (cf.
182 1541 254 1594 Tim.
273 1559 301 1610 p.
324 1545 392 1611 Ma)
415 1543 473 1595 καί
498 1540 558 1610 τήν
584 1542 643 1609 μὲν
668 1541 797 1610 ἡδονήν
823 1542 1024 1608 ἀνθρώποις
1047 1536 1138 1595 εἶναι

117 1638 226 1686 κακοῦ
245 1628 365 1698 δέλεαρ
385 1630 429 1698 (cf.
450 1629 520 1685 Τίου,
540 1649 567 1699 p.
589 1630 670 1699 69d),
694 1634 846 1700 γλῶσσαν
865 1629 900 1684 δὲ
919 1630 1065 1700 γεύσεως
1083 1632 1139 1683 δο-
1154 1643 1179 1683 15

116 1717 249 1788 κίμιον·
280 1719 420 1788 άναμμα
444 1719 479 1774 δέ
502 1728 566 1773 τῶν
591 1721 723 1790 φλεβῶν
746 1719 805 1787 τήν
828 1717 976 1786 καρδίαν
1003 1717 1048 1787 (cf.
1068 1717 1138 1770 Tim.

116 1827 144 1878 p.
167 1811 234 1878 650)
267 1810 325 1863 καί
347 1807 458 1877 πηγήν
481 1817 540 1862 τοῦ
563 1807 837 1879 περιφερομένου
861 1811 1016 1877 σφοδρῶς
1040 1805 1140 1876 αἵμα-

116 1918 188 1966 τος,
222 1898 273 1960 είς
299 1897 360 1966 τήν
390 1897 627 1966 δορυφορικήν
661 1897 797 1966 οἴκησιν
829 1895 1138 1966 κατατεταγμένην·

116 1986 176 2050 τὰς
194 1986 230 2041 δέ
250 1985 442 2055 διαδρομὰς
461 1997 532 2041 τῶν
550 1985 665 2053 πόρων
685 1986 845 2055 ὀνομάζει
860 1986 1065 2048 στενωπούς·
1087 1987 1140 2055 ’τῇ

117 2074 153 2130 δλ
178 2075 328 2145 πηδήσει
351 2083 410 2144 τῆς
432 2073 579 2142 καρδίας
602 2076 636 2130 ἐν
660 2085 696 2147 τῇ
720 2085 784 2130 τῶν
808 2079 930 2130 δεινῶν
949 2072 1181 2150 προσδοκίαιο

116 2165 174 2225 καὶ
194 2173 232 2235 τῇ
251 2172 312 2218 τοῦ
333 2167 447 2232 θυμοῦ
467 2163 656 2232 ἐπεγέρσει,
676 2163 793 2232 ἐπειδὴ
812 2163 981 2231 διάπυρος
995 2157 1047 2231 ήν,
1068 2163 1139 2218 ἐπι-

117 2251 266 2321 κουρίαν
281 2254 539 2324 μηχανῶμενοι’
557 2251 639 2323 φησί
654 2253 735 2323 (Tim.
750 2272 778 2322 p.
793 2257 857 2324 700)
874 2253 949 2322 (τήν
967 2261 1024 2307 τοῦ
1041 2253 1140 2306 πλεύ-

120 2361 225 2409 μονος
248 2340 347 2396 ἰδέαν
372 2341 617 2410 ἐνεφήτευσαν,
646 2343 800 2412 μαλακήν
829 2344 886 2397 καί
911 2342 1060 2410 ἄναιμον
1084 2343 1141 2396 καί

119 2429 292 2499 σήραγγας
310 2430 406 2492 ἐντὸς
425 2430 571 2500 ἔχουσαν
590 2431 711 2485 ὁποῖον
727 2431 898 2501 μάλαγμα,
915 2434 918 2500 Ι
936 2428 979 2485 ἵν’
996 2429 1011 2484 δ
1026 2431 1138 2500 θυμὸς
1153 2435 1186 2483 ῡ8
1199 2429 1232 2483 V.

117 2516 211 2573 ὁπότ’
228 2519 263 2574 ἐν
278 2520 361 2589 αὐτῇ
377 2518 465 2590 ζέση,
479 2523 619 2587 πηδῶσα
633 2519 681 2581 είς
695 2520 838 2575 ὑπεῖκον
853 2520 893 2590 μή
908 2517 1136 2589 λυμαίνηται’.
1153 2534 1179 2573 25

118 2608 177 2662 καί
195 2605 334 2676 τήν·μὲν
353 2617 416 2662 τῶν
436 2607 630 2677 ἐπιθυμιῶν
654 2608 789 2678 οἴκησιν
814 2618 1002 2678 προσεῖπεν
1021 2609 1062 2669 ὡς
1081 2628 1139 2677 γυ-

118 2706 336 2762 ναικωνῖτιν,
356 2695 415 2765 τήν
433 2705 492 2750 τοῦ
512 2701 625 2764 θυμοῦ
645 2695 681 2752 δὲ
701 2695 809 2765 ὥσπερ
829 2699 1051 2764 ἀνδρωνῖτιν
1080 2696 1139 2753 τόν

117 2805 152 2856 γε
171 2785 235 2855 μήν
255 2789 388 2853 σπλῆνα
405 2794 471 2840 τῶν
490 2785 586 2847 ἐντὸς
606 2795 760 2855 μαγεῖον,
784 2784 884 2841 (ὅθεν
903 2788 1140 2855 πληρούμενος

8 2905 17 2916 -
117 2884 181 2929 τῶν
210 2873 551 2943 ἀποκαθαιρομένων
584 2874 687 2943 μέγας
719 2877 775 2929 καί
805 2874 953 2937 ὕπουλος
981 2875 1137 2940 αλίξεται’

117 2963 198 3032 (Tim.
217 2982 245 3033 p.
267 2966 339 3032 720).
379 2963 475 3033 “μετο“ι
499 2962 535 3018 δέ
554 2972 660 3017 ταῦτα
680 2964 778 3032 σαρξί
796 2963 924 3018 πάντα’
953 2962 1037 3033 φησί
1056 2963 1136 3033 (Tim.
1153 2979 1178 3018 30

116 3071 144 3122 p.
165 3052 223 3106 'Mb
242 3055 316 3122 etp.
338 3054 404 3123 Md)
434 3051 695 3120 εκατεσκίασαν,
724 3051 897 3123 προβολήν
919 3062 985 3107 τῶν
1009 3053 1139 3118 ἔξωθεν

117 3139 177 3210 τήν
201 3141 323 3210 σάρκα,
347 3138 422 3197 οἷον
441 3142 480 3196 τὰ
498 3141 684 3212 πιλήματα,
707 3139 951 3211 προθέμενοι’·
976 3142 1084 3210 νομήν
1104 3140 1138 3196 δὲ

190 3326 204 3373 1
225 3320 438 3389 ἀλεξιφάρμακα
455 3320 534 3374 liber.
624 3326 658 3374 15
676 3318 766 3376 κακὸν
785 3319 866 3389 liber,
885 3337 954 3375 corr.
974 3319 1086 3373 Vahlen
1106 3336 1139 3374 ex

117 3390 189 3444 Plst.
264 3398 297 3444 22
317 3390 386 3460 φησί
399 3392 516 3458 Tollius,
536 3394 606 3459 φασί
623 3391 703 3448 liber.
777 3397 810 3446 23
830 3391 1019 3461 ένεφάτευσαν
1038 3392 1139 3444 Manu-

117 3461 175 3516 tius
194 3477 228 3515 ex
245 3461 327 3528 Ρλαλ,
347 3464 510 3532 ένεφύτευσε
529 3463 607 3519 liber.
700 3470 734 3518 28
753 3473 870 3533 μαγεῑον
887 3463 922 3516 Is.
942 3462 1068 3530 Vossius,
1087 3461 1139 3532 μά-

118 3553 195 3602 γειου
209 3532 282 3587 liber
296 3535 485 3604 superscripto
502 3545 546 3602 ρεῖ
557 3555 592 3589 m.
608 3551 662 3589 rec.
735 3541 770 3589 30
790 3533 859 3605 φησί
876 3534 1066 3602 Robortellus‚
1085 3533 1140 3601 φά-

119 3621 164 3659 σιν
182 3603 261 3659 h'ber.
336 3611 369 3660 32
389 3606 530 3676 πιλήματοι
548 3607 687 3677 Τοομὶοο,
705 3607 857 3678 πηδήματα
875 3606 955 3660 liber.
