2666 3910
186 185 302 236 XXVIII
587 183 804 234 Pnoomssvu

187 349 333 410 Caecilius
356 349 479 426 Lysiam
503 368 589 408 suum
612 351 715 409 eontra
737 349 916 426 Dionysium
938 349 1094 410 defendere
1118 371 1201 430 coge·

185 439 281 498 betur.
329 438 409 507 Quae
432 457 498 498 cum
522 441 566 498 ita
589 440 663 513 sint,
686 438 786 514 potius
808 441 918 498 mirum
941 443 1031 514 esset,
1054 442 1202 499 111111-

185 527 384 588 futationibns
407 528 554 588 acerbitas
575 547 634 588 non
652 527 846 588 inueniretur.
885 527 917 587 Si
935 532 1036 588 autem
1054 530 1202 607 fragmen-

185 621 249 678 tum
275 621 338 678 110
356 619 421 676 iure
442 616 569 677 Caecilio
589 617 767 691 uindicatur,
790 620 955 678 necessario
975 621 1067 679 etiem
1085 620 1121 678 fr.
1138 621 1200 678 143

186 708 316 766 eiusdem
345 705 468 766 Caecilii
494 707 639 766 indicium
667 710 724 780 est,
752 725 893 784 cumea,
921 710 1052 782 queem
1075 711 1202 784 utroque
1321 717 1323 756 f

184 797 334 873 leguntur,
359 817 451 854 unum
474 799 505 854 et
528 795 653 855 eundem
676 798 829 856 auctorem
851 797 988 872 prodant,

251 885 300 944 Ad
318 887 517 964 fragmentum
540 887 602 944 122
623 905 670 944 me
689 889 870 945 conuertem.
907 886 981 946 Elius
999 886 1098 960 uerbo,
1116 905 1201 962 prae-

184 977 270 1052 cipue
294 993 337 1049 ea,
360 974 467 1050 quibus
491 975 527 1032 de
550 975 655 1052 figuris
678 976 843 1034 sententiae
866 976 946 1050 apud
969 975 1130 1036 Isocratem
1154 997 1201 1035 er·

184 1063 332 1123 stantibus
356 1067 471 1143 egitur,
499 1083 632 1123 sermone
655 1066 719 1122 tarn
743 1063 932 1124 consentiunt
955 1083 1023 1123 cum
1045 1066 1097 1140 iis,
1125 1086 1201 1142 quae

184 1153 220 1211 de
238 1153 343 1213 iisdem
362 1154 527 1212 sententiae
546 1153 649 1230 figuris
666 1155 699 1210 in
719 1153 904 1229 Antiphonte
920 1152 1082 1214 Caecilium
1102 1156 1201 1231 ipsum

184 1242 336 1318 disputare
360 1243 484 1301 Photius
508 1242 617 1301 diserte
641 1243 715 1301 dicit
736 1234 785 1322 (fr.
803 1234 891 1324 103),
914 1246 949 1302 ut
965 1244 1032 1319 ipsa
1051 1262 1086 1302 ex
1105 1247 1201 1304 forma

182 1332 347 1392 iudicantes
380 1334 471 1390 etiarn
504 1333 704 1409 fragmentum
738 1333 800 1390 122
830 1333 868 1390 ad
896 1332 1021 1391 eundem
1049 1336 1201 1392 auctorem

182 1421 271 1480 facile
298 1422 407 1480 referre
433 1423 591 1496 possimus.
638 1420 785 1480 Similiter
811 1439 857 1480 res
885 1439 917 1481 se
943 1421 1034 1480 hebet
1061 1424 1093 1480 in
1120 1424 1200 1501 frag·

182 1512 372 1583 ment0128‚
395 1510 448 1568 nbi
466 1509 575 1568 iterum
595 1511 628 1568 in
646 1511 757 1588 figures
775 1510 943 1585 incidimus,
968 1529 1051 1586 quas,
1073 1515 1108 1570 ut
1126 1515 1200 1572 setis

183 1603 261 1658 certe
284 1599 403 1672 scimus,
427 1597 574 1659 Caecilius
596 1600 743 1674 imprimis
766 1601 946 1675 perscrutari
969 1601 1090 1660 solebat

250 1688 335 1757 Quod
359 1688 397 1747 ad
420 1690 621 1767 fragmentum
642 1691 705 1748 123
726 1691 843 1761 attinet,
865 1689 922 1748 hoo
941 1709 1059 1766 quoqne
1076 1689 1108 1748 in
1129 1689 1200 1750 (lec-
1322 1657 1324 1668 A

182 1778 359 1837 cilianorum
383 1779 519 1855 syllogen
542 1781 649 1853 recepi,
673 1797 739 1837 cum
759 1780 902 1838 sermonis
926 1780 1022 1838 colore
1046 1781 1114 1839 eliis
1132 1781 1199 1839 reli·

183 1868 261 1941 quiis
285 1870 380 1926 nostri
403 1867 530 1927 rhetoris
554 1867 651 1926 simile
674 1869 714 1927 sit
738 1870 767 1927 et
789 1887 882 1926 unum
906 1868 1024 1944 quidem
1045 1859 1129 1949 (uide
1148 1870 1199 1929 ed·

183 1956 368 2016 notationem
382 1976 479 2015 meam
494 1957 532 2014 ad
546 1958 603 2015 hoc
617 1949 833 2038 fragmentum)
852 1975 919 2016 cnm
933 1958 1101 2036 fragmento
1115 1978 1199 2034 prae·

184 2045 301 2104 cedenti
320 2065 475 2105 commune
493 2045 610 2104 lrabeat.
645 2045 735 2106 Cuius
755 2049 871 2124 egentis
889 2066 997 2106 nomen
1012 2046 1096 2106 ed'
1063 2057 1200 2122 αιτιᾶται,

186 2134 327 2210 quodibi
345 2137 464 2213 legitur,
484 2137 665 2212 cogitatione
684 2136 882 2211 supplendum
901 2133 966 2195 est?
994 2133 1200 2196 Caeciliusne‘?

248 2224 292 2283 De
316 2227 484 2302 fragmento
509 2226 572 2286 144
596 2225 688 2284 uerbo
711 2225 868 2285 dicendum
891 2227 944 2284 est
990 2224 1088 2284 Priori
1109 2228 1199 2301 parti,

183 2332 271 2388 quam
295 2314 530 2374 Burckhardtiue
550 2335 667 2390 quoque
686 2307 736 2395 (fr.
758 2305 846 2394 20)
837 2335 869 2373 1n
893 2313 1096 2373 collectionem
1114 2335 1199 2375 snam

181 2405 302 2478 recepit,
321 2403 440 2477 sufficit,
459 2405 486 2463 si
503 2403 585 2463 illius
605 2405 666 2462 uiri
683 2404 765 2463 docti
782 2404 873 2462 uerba
892 2403 1033 2477 exscribo,
1052 2406 1198 2479 quatenus

182 2511 247 2551 cum
275 2493 328 2552 illo
357 2496 521 2552 consentio:
550 2488 593 2550 ‘in
622 2491 784 2552 Caecilium
811 2493 992 2551 conueniunt
1019 2511 1085 2552 cum
1110 2493 1199 2552 (lolli-

181 2582 280 2642 meelri
310 2582 500 2658 reprehensio
533 2584 637 2657 suique
670 2583 773 2641 iudicii
805 2581 995 2654 confidentia,
1027 2584 1093 2640 tum
1120 2583 1199 2659 quod

181 2668 254 2748 ἔχων
277 2668 351 2748 πρὸς
373 2669 428 2748 τὴν
451 2670 548 2748 κρίσιν
571 2668 603 2729 τὸ
626 2667 756 2746 ἀσφαλὲς
779 2665 909 2730 dicitur’.
951 2669 1009 2728 Sed
1032 2673 1124 2730 etiam
1146 2691 1197 2748 po·

181 2758 334 2818 steriorem
356 2762 473 2835 partem
496 2761 666 2819 coniectura
684 2762 732 2819 sat
749 2759 898 2835 probabili
916 2759 955 2818 ad
974 2758 1135 2820 Caecilium
1153 2781 1198 2820 re·

181 2848 258 2907 ferre
280 2849 359 2908 licet.
397 2847 480 2917 Quae
503 2851 604 2926 opinio
627 2851 688 2908 iam
712 2868 746 2908 eo
770 2848 1003 2923 commendetur,
1026 2849 1105 2924 quod
1126 2849 1197 2909 Dio-

182 2938 338 3012 nysianem
358 2938 523 2998 doctrinam
539 2930 589 3018 (cf.
604 2938 767 3014 Dionysius
782 2939 818 2996 de
832 2937 983 2997 Dinarcho
999 2941 1039 2998 13
1055 2959 1083 3014 p.
1095 2941 1196 3013 321,5

181 3025 232 3086 Vs.
252 3029 282 3084 et
299 3020 349 3106 R.)
374 3027 464 3086 aliam
483 3029 574 3086 fnisse
598 3028 749 3087 statuitur.
785 3027 910 3086 Accedit
932 3029 1033 3101 etiem,
1056 3047 1114 3103 quo
1133 3047 1197 3088 sen-

181 3117 277 3174 tentia
299 3135 367 3174 mea
389 3116 593 3190 confirmtur,
618 3116 710 3191 qnod,
737 3119 772 3174 ut
795 3115 928 3176 Blassius
950 3117 1081 3192 monuit,
1103 3118 1198 3177 mani·

182 3205 291 3264 festum
316 3204 439 3264 esthon
461 3205 661 3283 fragmentum
685 3207 715 3264 et
734 3206 933 3283 fragmentum
955 3206 1016 3264 128
1042 3225 1077 3264 ex
1095 3207 1197 3266 eodem

182 3293 266 3352 fonte
284 3293 402 3353 fluxisse
422 3286 514 3372 (uide,
533 3314 610 3370 quae
625 3294 663 3354 ad
677 3297 836 3370 utrumque
855 3296 1055 3372 fragmentum
1069 3289 1197 3377 notaui).

182 3381 215 3440 Si
235 3385 334 3441 antem
353 3383 554 3460 fragmentum
575 3385 637 3442 128
659 3383 787 3443 Caecilio
811 3383 1024 3444 uindicandum
1043 3401 1105 3444 esse
1123 3385 1198 3444 mihi

182 3471 361 3548 concessisti,
379 3472 476 3531 facere
495 3491 554 3530 non
572 3474 694 3547 poteris,
714 3474 786 3547 quin
803 3473 892 3531 etiarn
911 3473 1113 3550 fragmentum
1133 3476 1196 3535 144

186 3558 308 3621 01111111
331 3562 431 3637 copies
454 3561 540 3622 nobie
562 3561 702 3638 praebere
725 3561 875 3622 concedes.
