2664 3906
188 227 251 292 196
377 231 449 281 XIV.
469 229 689 280 FRAGMENTA
706 229 886 280 INCERTAE
906 229 1008 280 sums

186 391 348 443 ςυντιθέντα
366 391 433 443 τοὺς
452 389 560 454 λόγους.
590 391 623 443 ot
643 391 696 455 γὰρ
715 390 817 454 ἔπρεπε
835 389 964 455 Περικλεῖ
984 391 1027 442 κοιί
1047 389 1204 458 Ἀρχιδάμῳ

187 482 232 532 καί
252 478 329 547 Νικίᾳ
348 481 392 531 καί
413 478 538 547 Βραςίδᾳ,
559 479 717 545 ἀνθρώποις
735 479 923 544 μεγαλόφροςι
941 481 986 531 καί
1004 478 1141 542 γενναίοις
1160 481 1204 531 καί
1319 473 1323 481 '

186 570 312 634 ἡρωϊκὴν
335 568 426 632 ἔχουςι
450 568 547 633 δόξαν,
571 567 672 631 λόγους
691 565 833 632 εἰρωνεία(
852 570 897 619 καί
913 567 1084 633 πανουργία(
1102 583 1205 633 περιτι-

186 657 276 723 θέναι,
300 658 339 709 ὡς
363 658 399 722 μὴ
423 656 577 722 παρρηςίαν
600 657 692 721 ἔχουςι
715 661 846 722 φανερῶς
869 656 990 721 ἐλέγχειν
1013 659 1057 709 καί
1076 657 1205 722 ἄντικρυς

160 747 342 812 αμέμφεςθοι
365 748 410 798 καί
433 747 528 798 ὁτιοῦν
548 746 693 810 βούλονται
712 746 809 808 λέγειν.
847 745 892 797 διὰ
909 750 995 798 τοῦτο
1013 745 1046 798 τὸ
1066 745 1205 798 ἄπλαςτον

187 836 231 886 καί
249 833 457 901 ἀνηθοποίητον
477 834 654 906 ἐπετήδευςε,
680 835 777 902 ςῴζων
796 833 847 887 κάν
870 835 981 888 τούτοις
1006 834 1039 886 τὸ
1063 837 1204 900 προςῆκον

187 926 232 976 καί
245 928 280 991 τῇ
295 924 378 991 τέχνῃ
394 924 508 975 δοκοῦν·
524 923 650 988 τεχνίτου
665 922 718 989 γὰρ
733 923 835 988 ἀνδρὸς
848 923 968 988 φυλάξαι
978 928 1037 976 τοῖς
1046 924 1205 989 προςώττοις

186 1009 239 1077 τὴν
258 1012 457 1076 ἐπιβάλλουςαν
477 1012 561 1065 δόξαν
576 1015 621 1064 καί
634 1017 693 1064 τοῖς
706 1011 844 1077 πράγμοςι
857 1012 908 1064 τὸν
923 1012 1079 1065 ἀκόλουθον
1093 1011 1204 1077 κόςμον.

259 1134 293 1188 cf.
314 1134 346 1187 fr.
368 1139 427 1188 103.

257 1223 312 1277 hoo
335 1223 370 1277 de
393 1223 559 1292 Thucydide
582 1223 720 1278 iudicium
743 1223 914 1278 rhetoricum
936 1223 1056 1277 fortasse
1080 1239 1114 1278 ex
1137 1222 1206 1276 Cae-

188 1311 253 1368 cilio
272 1313 406 1366 haustum
425 1328 485 1366 esee
504 1313 591 1366 Banss
610 1313 628 1366 l.
648 1331 669 1366 s.
689 1321 700 1366 Ι
718 1331 745 1382 p.
766 1318 826 1380 118,
846 1318 862 1366 4
881 1313 1041 1382 suspicatus
1061 1314 1112 1368 est.

256 1491 324 1558 158
344 1490 393 1580 (=
413 1494 465 1575 21,
481 1494 558 1558 6-8
578 1491 628 1579 Β.)
653 1493 844 1559 Diouusrvs
859 1510 975 1557 ulmo.
990 1516 1038 1578 ep.
1054 1493 1094 1557 ad
1108 1492 1205 1557 Pom-

149 1623 174 1661 ιι
188 1601 297 1684 poium
322 1601 351 1682 3,
371 1600 414 1664 20
437 1624 466 1684 p.
488 1601 561 1682 240,
584 1601 625 1664 14
648 1599 703 1665 Vs.
728 1605 760 1666 et
783 1599 834 1664 11:
859 1601 929 1680 ἐμοὶ
953 1602 1061 1679 μέντοι
1085 1603 1205 1685 καὶτῷ

189 1708 334 1792 φιλτάτῳ
351 1709 507 1793 Κεκιλίῳ
527 1713 616 1772 δοκεῖ
634 1709 674 1772 τὰ
693 1710 897 1787 ἐνθυμήματα
912 1709 1012 1773 αὐτοῦ
1033 1708 1105 1790 (τοῦ
1120 1708 1204 1772 Θου-

188 1815 333 1895 κυδίδου)
349 1814 482 1893 μάλιςτα
491 1816 721 1898 <μιμήςαςθαί>
730 1836 766 1879 τε
781 1816 831 1878 καὶ
842 1819 979 1892 ζηλῶςαι
988 1810 1204 1893 Δημοςθένης.

260 1969 305 2020 ea,
329 1968 403 2023 quae
425 1953 500 2007 hunc
522 1954 616 2008 locum
638 1954 824 2023 praecedunt,
848 1953 919 2006 mibi
939 1953 1054 2022 quidem
1072 1953 1206 2006 uidentur
1301 1973 1322 2006 κ

188 2058 244 2094 non
259 2041 375 2095 saecun
389 2057 458 2108 esse,
478 2041 959 2112 quamquamumeuharums1)
979 2041 1160 2110 aequoque
1179 2041 1206 2094 ei
1321 2021 1322 2045 ί

164 2167 166 2172 -
190 2130 334 2185 adscribit.
362 2147 428 2184 nam
443 2147 507 2184 cum
521 2131 754 2184 antecedentibus
768 2131 862 2184 uerbis
876 2131 1066 2200 fragmentum
1079 2133 1206 2184 nostrum

189 2219 231 2272 ita
249 2236 305 2272 non
325 2219 469 2285 cohaeret,
493 2222 525 2273 ut
547 2219 676 2273 nonnulli
698 2219 754 2272 uiri
773 2220 849 2273 docti
868 2220 1040 2274 coniecerint
1058 2219 1088 2272 in
1106 2219 1207 2272 uerbo-

188 2326 250 2361 rum
266 2311 398 2363 oontextu
413 2311 478 2362 ante
488 2308 550 2377 ἐμοί
564 2307 674 2378 aliquid
689 2308 794 2362 deesse.
816 2309 866 2362 sed
875 2325 909 2362 ea
918 2309 1039 2363 rectiora
1049 2324 1117 2374 esse,
1133 2324 1206 2376 quae

190 2397 296 2452 Vsener
310 2399 347 2450 ad
361 2397 388 2451 h.
403 2396 422 2451 l.
438 2397 527 2462 docet,
543 2397 712 2467 putauerim.
741 2397 790 2466 qui
805 2415 868 2451 cum
882 2397 937 2451 sibi
952 2400 1061 2452 constet
1076 2412 1118 2462 ea,
1132 2412 1205 2465 quae

189 2485 380 2556 fragmentum
389 2489 516 2540 nostrum
525 2487 699 2557 praecedunt
708 2489 737 2540 et
746 2503 819 2555 quae
834 2487 997 2556 sequuntur,
1011 2485 1134 2556 repetita
1145 2502 1206 2539 esee

189 2592 224 2630 ex
232 2574 362 2643 Dionysii
376 2574 449 2630 libro
464 2575 498 2629 de
513 2575 680 2641 imitatione,
694 2575 952 2630 faoituerbahaec:
968 2575 1046 2629 ‘ante
1056 2575 1117 2644 ἐμοὶ
1126 2574 1206 2628 hiare

190 2663 346 2717 orationem
363 2668 429 2733 post
446 2663 593 2718 Reiskium
611 2665 814 2719 Herwerdenus
833 2667 863 2718 et
881 2664 1022 2735 Sauppius
1040 2664 1051 2716 l
1070 2681 1082 2717 s
1107 2663 1205 2733 [θοαί.

189 2755 238 2825 pel.
249 2768 310 2807 aaz.
323 2757 391 2806 1863
402 2772 429 2822 p.
441 2753 522 2824 1667]
533 2756 701 2808 statuerunt.
725 2754 775 2806 sed
785 2754 942 2822 proximum
953 2736 1131 2806 enuntiatum
1141 2753 1171 2824 [i.
1182 2768 1205 2806 e.

190 2841 381 2912 fragmentum
390 2843 528 2914 nostrum]
543 2843 694 2912 Dionysius
708 2860 764 2897 non
779 2858 813 2896 ex
825 2841 898 2896 libro
913 2843 948 2896 de
963 2842 1121 2896 imitatione
1133 2841 1206 2910 peti-

189 2931 265 2984 uisse
284 2931 333 2984 sed
351 2930 398 2984 hio
416 2931 533 2999 Pompei
552 2948 651 2985 caussa
669 2931 819 2986 inseruisse
837 2931 971 2984 uidetur'.
1058 2931 1093 2984 de
1111 2930 1205 2984 uerbis
1312 2975 1313 3001 ,

191 3017 313 3092 φιλτάτῳ
332 3018 451 3092 Κεκιλίῳ
470 3020 536 3074 uide
555 3036 596 3087 ea,
616 3035 689 3089 quae
707 3019 740 3073 Κ,
760 3019 926 3073 Muenecher
944 3019 1118 3090 (Philologus
1132 3027 1205 3073 11'111

193 3113 260 3161 1899
279 3127 306 3176 p.
323 3111 384 3177 109)
399 3110 428 3162 et
445 3107 478 3162 V.
494 3109 528 3162 de
543 3107 733 3162 Wilamowitz
752 3109 977 3179 (αὸλααείίιιαροιι
990 3109 1017 3163 d.
1031 3109 1163 3180 yeeelleob.
1178 3109 1204 3162 d.

190 3199 391 3252 τραυματίαν
407 3197 699 3266 Gomphis-uisam.
718 3197 785 3252 NF.
805 3203 865 3250 1v3
884 3216 912 3267 p.
929 3199 972 3265 70)
991 3197 1129 3252 dixerunt.

241 3367 331 3432 *159
351 3375 538 3429 Asovueurvu
557 3373 704 3429 Aeschinis
724 3392 762 3429 or.
778 3383 789 3428 I
807 3394 834 3445 p.
851 3380 884 3428 18
903 3374 1018 3429 Reieke:
1037 3378 1071 3430 τὸ
1090 3378 1121 3431 δὲ
1139 3395 1206 3444 προ·
1308 3421 1309 3428 ,

192 3464 282 3529 οίμιὸν
305 3465 361 3517 ἑςτι
382 3468 598 3531 τραγικώτερον·
626 3467 656 3518 ἐν
679 3466 756 3533 αὐτῷ
780 3465 811 3518 δὲ
835 3465 1013 3532 διαςυςτήςος
1036 3467 1137 3519 ἑαυτὸν
1162 3468 1206 3532 μέ-

266 3610 298 3657 12
317 3603 434 3673 μάλιστα
452 3625 482 3673 ys
501 3605 576 3672 libri,
595 3622 664 3659 corr.
684 3605 805 3675 Sauppe.
