2666 3912
142 231 204 282 Vn.
224 231 312 279 ΠΕΡΙ
328 229 404 280 ΤΟΤ
421 229 663 281 ΧΑΡΑΚΤΗΡΟΣ
681 230 756 280 ΤΩΝ
774 230 870 280 ΔΕΚΑ
887 228 1059 281 ΡΗΤΟΡΩΝ
1093 227 1156 290 125

140 389 211 443 ἰδίας
238 390 408 455 ὑπολήψεως
434 390 637 456 παρεχόμενος,
666 390 733 442 οὐδὲ
759 390 848 442 ἐκεῖνο
874 390 991 442 ςυνιδεῖν
1017 389 1155 455 ἐθελήςας,

140 479 181 532 ὡς
198 481 293 545 πολλῷ
313 477 414 543 μείζων
433 478 504 530 ἐςτίν
523 480 540 543 ἠ
560 495 612 545 περ
631 480 648 544 ἡ
669 478 777 531 ἐκείνου
796 478 934 544 ἀπόφαςις
952 477 1038 530 αὐτὸς
1057 476 1157 543 δἈρι·

139 566 290 630 ςτογείτων
314 569 496 631 ἀνομολογῶν
515 567 699 633 Δημοςθένην
718 566 778 619 κατ’
796 568 884 620 αιίτοῠ
903 567 1085 633 γεγραφέναι·
1112 568 1157 618 καί

140 658 194 722 γὰρ
218 656 444 721 ἀπολογούμενος
468 656 520 708 οὐκ
545 656 576 709 ἐν
600 661 642 724 τῷ
668 657 799 724 παρέργῳ
825 656 915 719 λέγων
940 654 1000 708 ἀλλ’
1022 656 1157 720 ἐπιμελῶς

139 744 397 809 ἀνταγωνιζόμενος
421 744 451 796 ἐν
473 749 515 812 τῷ
538 746 614 813 λόγιρ
634 745 785 810 δείκνυται,
810 744 840 798 ὃς
860 744 1057 811 ἐπιγέγραπται
1076 743 1156 797 Ἀπο-
1183 759 1196 798 5

139 832 220 897 λογία
237 834 308 899 πρός
325 835 378 898 τὴν
397 834 511 886 ἔνδειξιν
530 833 693 899 Λυκούργου
712 836 757 886 καί
776 834 982 899 Δημοςθένους,

213 956 320 1010 adhoc
339 954 373 1010 fr.
393 955 426 1009 cf.
446 955 480 1009 fr.
501 961 534 1009 94
553 975 580 1024 p.
600 961 643 1022 81,
663 962 721 1010 λιι.
759 974 785 1008 u.
805 955 979 1024 prooemium
997 974 1024 1024 p.
1040 963 1127 1010 xxvn
1135 973 1155 1009 s.

211 1115 280 1182 143
300 1124 419 1178 Pnonvs
438 1125 507 1178 bibl.
527 1125 588 1179 cod.
609 1130 660 1178 τοι
678 1143 706 1193 p.
726 1125 793 1178 ιιιι
809 1130 854 1178 ιιι
880 1127 993 1191 μάλιετα
1011 1127 1042 1179 ιε
1061 1128 1077 1179 ό
1097 1124 1158 1178 κατ’

140 1214 267 1281 Αίςχίνου
295 1215 378 1278 λόγος
405 1216 540 1281 παρέςχεν
568 1214 657 1268 αἰτίαν
686 1217 717 1268 ἐν
743 1216 920 1282 ὑπομνήμαςι
946 1217 1157 1281 καταλελεῖφθαι

140 1306 222 1357 οὔπω
247 1305 301 1369 τὴν
326 1304 453 1370 ἐργαςίαν
479 1305 642 1371 ἀπειληφὼς
664 1305 783 1358 τελείαν·
811 1306 880 1358 διότι
904 1308 948 1358 καί
972 1304 989 1357 δ
1012 1305 1082 1371 πρὸς
1104 1305 1157 1370 τὴν

141 1393 311 1460 κατηγορίαν
333 1394 439 1458 πολλὴν
465 1395 525 1460 ἔςχε
547 1396 601 1459 τὴν
620 1394 800 1460 ἀμυδρότητα
819 1396 836 1460 ἢ
856 1393 1034 1459 κουφότητα,
1060 1392 1104 1444 ἐπί
1121 1397 1156 1460 τῃ
1172 1401 1197 1439 ιο

139 1486 256 1550 τελευτῇ
279 1488 331 1535 τοῦ
355 1484 440 1545 λόγου
463 1485 613 1549 παρέθετο
639 1485 708 1549 ὅπερ
732 1484 783 1535 οὐκ
807 1484 841 1535 ἂν
864 1484 999 1549 περιεῖδεν
1019 1484 1035 1534 δ
1054 1482 1157 1547 ῥήτωρ,

140 1571 181 1624 είς
200 1571 319 1624 ἐξέταςιν
338 1571 530 1639 ἀκριβεςτέραν
548 1577 607 1625 τῶν
626 1571 704 1626 ἰδίων
723 1574 816 1636 λόγων
835 1572 977 1625 καταςτάς.
1016 1571 1084 1623 ἀλλὰ
1105 1570 1158 1636 γὰρ

140 1662 195 1725 οὐχ
213 1661 289 1713 οὕτω
307 1660 428 1727 πρόειςιν
448 1662 464 1713 ό
483 1661 582 1714 Λυςίου
599 1662 672 1714 Κατὰ
687 1662 918 1727 Μνηςιπτολέμου
936 1661 1026 1725 λόγος,
1046 1659 1076 1711 ἐν
1094 1663 1157 1711 πᾶςι

141 1750 174 1802 δέ
197 1755 256 1802 τοῖς
276 1750 418 1815 δεομένοις
438 1751 528 1817 μέρεςι
544 1751 578 1803 τὸ
597 1751 752 1816 παθητικὸν
771 1750 896 1816 φυλάξας
915 1749 981 1802 οὐδέ
999 1749 1158 1813 παυόμενος

140 1842 193 1905 τῆς
216 1839 353 1905 ἐπιφορᾶς
376 1839 493 1906 ἀπέςτη,
517 1839 640 1892 ἐπέτεινε
663 1841 830 1905 δὲμᾶλλον,
854 1839 921 1891 οὺδέ
939 1839 1009 1890 κατὰ
1027 1837 1060 1889 τό
1079 1837 1157 1889 τέλος
1173 1845 1198 1884 ιο

140 1929 209 1981 τοὺς
228 1928 366 1993 ἀκροατὰς
385 1927 506 1982 ἀποςτὰς
524 1930 698 1994 παροξύνειν.

216 2056 285 2104 13ss
304 2049 338 2103 cf.
358 2051 391 2104 fr.
413 2056 463 2104 110
482 2069 509 2120 p.
530 2056 573 2117 99,
593 2056 653 2105 aas.

215 2139 250 2194 of.
270 2140 305 2194 de
323 2138 377 2192 hoo
395 2139 457 2193 ίοαο
478 2139 580 2193 Βιντιυι
599 2139 617 2193 l.
637 2160 658 2194 s.
677 2159 704 2208 p.
722 2145 798 2194 1666.

213 2299 283 2366 144
302 2310 339 2376 (u.
356 2313 460 2362 ιιι-ιι
475 2334 509 2353 =
524 2314 558 2362 ιο
573 2309 615 2375 Β.)
629 2309 749 2362 Paonvs
764 2308 832 2363 bibl.
848 2307 908 2363 cod.
924 2313 976 2362 τοι
990 2327 1018 2376 p.
1033 2306 1158 2360 4911229:

143 2400 188 2451 καί
210 2399 261 2450 τόν
284 2399 353 2464 ὑπὲρ
373 2398 498 2464 (ατύρου
522 2401 553 2452 δέ
572 2401 656 2464 λόγον
674 2403 726 2467 τῆς
744 2400 895 2466 ἐπιτροπῆς
913 2400 984 2465 πρός
1001 2398 1159 2463 Χαρίδημον

143 2487 175 2540 οί
195 2489 244 2552 μέν
263 2488 346 2553 πρὸς
368 2489 430 2551 τὴν
454 2487 560 2554 κρίςιν
580 2489 718 2553 ἔχοντες
735 2489 773 2541 τό
795 2489 943 2554 ἀςφαλές
962 2487 1159 2552 Δημοςθένους

143 2577 269 2640 λέγουςιν
295 2578 372 2643 εἶναι,
399 2577 415 2629 ὁ
441 2578 472 2629 δέ
492 2577 667 2643 Καλλίμαχος,
694 2576 755 2629 οὐδ’
777 2576 871 2630 ίκανὸς
897 2578 937 2629 ὢν
961 2576 1070 2642 κρίνειν,
1097 2575 1159 2627 Δει-
1174 2591 1199 2630 ω

143 2665 248 2732 νάρχου
272 2665 383 2731 νομίζει.
419 2668 492 2719 τινές
516 2667 547 2718 δέ
569 2667 656 2718 αὐτὸν
680 2666 853 2731 ὑπεβάλοντο
877 2666 972 2733 Λυςίᾳ,
1004 2663 1092 2717 καίτοι
1114 2666 1159 2716 καί

143 2755 194 2808 τὸν
218 2754 320 2820 χρόνον
343 2755 454 2821 ἔχοντες
474 2757 568 2808 αὑτοῖς
587 2755 791 2820 διαμαχόμενον
811 2759 854 2808 καί
873 2756 924 2807 τὸν
942 2755 1031 2807 τύπον
1050 2753 1160 2806 ἅπαντα
1185 2790 1188 2800 ,

142 2847 195 2910 τῆς
218 2843 343 2909 ἐργαςίας
361 2847 406 2896 καί
424 2845 460 2897 τὰ
478 2844 628 2911 πράγματα
647 2846 691 2896 καί
709 2845 762 2909 τὴν
782 2842 937 2908 ἑρμηνείαν.
975 2841 1110 2908 μαρτυρία
1129 2842 1160 2893 δέ

143 2937 195 2984 τοῦ
215 2933 422 2997 Δημοςθενικόν
446 2935 516 2986 εῖναι
539 2933 693 2996 τὸνλόγον
713 2935 757 2985 καί
776 2934 792 2985 ό
811 2932 979 2996 πλαγιαςμός
998 2934 1043 2984 καὶ
1061 2932 1079 2996 ἡ
1100 2947 1160 2983 ςυν-

145 3022 219 3087 ἐχεια
237 3026 295 3074 τῶν
314 3022 454 3088 περιόδων
472 3025 518 3075 καί
536 3024 553 3088 ἡ
574 3022 697 3075 εὐτονία·
718 3024 746 3076 ἐξ
765 3023 853 3075 αὐτοῦ
872 3022 925 3086 γὰρ
944 3025 994 3073 τοι]
1012 3019 1159 3086 προοιμίου
1174 3035 1200 3074 25

142 3111 255 3162 τούτοις
278 3111 294 3161 ό
315 3111 399 3174 λόγος
417 3111 637 3164 διαποικίλλεται.
676 3114 719 3164 καί
744 3113 798 3177 μὴν
822 3113 867 3163 καί
889 3111 907 3175 ἡ
931 3112 993 3175 περί
1015 3114 1073 3162 τιῑιν
1098 3109 1159 3161 δνο·

145 3198 241 3263 μάτων
265 3199 365 3263 ἐκλογὴ
390 3198 428 3252 εἰς
446 3201 479 3252 τό
500 3202 609 3267 ἄριςτον
629 3201 779 3266 ἀνηνέχθαι
798 3203 841 3253 καί
861 3201 878 3265 ἡ
898 3199 1019 3252 ςίινθεςις
1038 3199 1069 3250 εὖ
1089 3199 1160 3262 ἔχειν

143 3286 367 3352 πεφιλοτίμηται.
406 3295 539 3357 μαρτυρεῖ
553 3290 584 3343 δέ
598 3290 690 3342 καὶτὰ
705 3289 841 3356 ςχήματα·
862 3289 917 3342 ἔςτι
929 3288 983 3354 γὰρ
998 3302 1161 3352 ςυνεςτραμ-

145 3377 214 3442 μένα
238 3376 306 3441 μετὰ
328 3379 502 3443 γοργότητος
525 3381 569 3431 καί
592 3378 728 3431 ποικιλίαν
746 3383 787 3446 τῷ
806 3379 881 3445 λόγῳ
901 3377 1088 3444 παρεχόμενα·
1117 3378 1160 3427 καί
1175 3389 1200 3429 29

144 3466 198 3532 γὰρ
222 3465 368 3531 ἐρωτήςεις
391 3467 583 3535 προίβάλλεται
607 3470 651 3520 καί
675 3468 854 3534 ἀποςτροφάς
878 3469 922 3519 καί
944 3466 977 3518 τό
1002 3466 1160 3530 ἀςύνδετον,
1175 3469 1241 3515 492²

217 3612 251 3660 30
270 3607 451 3679 ἀποστροφὰς
468 3609 684 3678 Radermacher,
703 3608 882 3679 ὑποστροφὰς
899 3607 972 3661 libri.
