2666 3912
148 185 208 236 VH.
229 185 316 234 ΠΕΡΙ
333 185 408 236 ΤΟΤ
427 185 668 237 ΧΑΡΑΚΤΗΡΟΣ
686 185 761 236 ΤΩΝ
779 185 874 236 ΔΕΚΑ
891 184 1063 236 ΡΗΤΟΡΩΝ
1097 182 1160 246 119

149 343 254 398 ναίων
268 344 466 410 Δημοχάρει
480 345 633 411 Λάχητα(
647 347 832 398 Λευκονοεῖ
851 327 971 398 εἰκόνα
987 347 1113 410 χαλκῆν
1131 345 1165 396 ἐν

150 434 256 501 ἀγορᾷ
268 435 321 486 καί
335 433 461 499 είτηειν
472 433 507 486 ἐν
516 434 709 502 πρυτανείῳ
721 431 857 504 (αὐτῷ)
868 436 921 487 καί
933 439 1001 488 τῶν
1013 433 1165 498 ἐκγόνων

148 523 201 575 ἀεί
223 527 268 590 τῷ
293 523 513 591 πρεεβυτάτιμ
536 525 590 575 καί
612 522 798 589 προεδρίαν
822 523 856 575 ἐν
879 527 957 576 πάσι
981 528 1054 574 παῖε
1079 522 1165 585 ἀγῶ-

149 627 211 676 ειν,
236 612 398 679 εὐεργέτῃ
422 612 476 664 καὶ
495 612 672 679 συμβούλῳ
692 611 851 676 γεγονότι
871 612 985 679 ἀγαθῷ
1004 617 1050 679 τῷ
1070 611 1164 679 δήμῳ

146 705 193 768 τῷ
213 698 398 766 Ἀθηναίων
422 702 477 752 καί
500 701 742 766 εὐεργετηκότι
763 700 824 752 τόν
843 701 952 766 δῆμον
969 699 1062 753 τάδε’
1087 716 1165 766 πρε·
1192 712 1205 752 σ

147 789 304 854 εβεύοντι
326 790 380 841 καί
403 789 574 855 γράφοντι
594 791 646 842 καί
664 789 921 857 πολιτευομένῳ
941 805 957 840 ιι
977 787 1164 854 οἰκοδομὴν

145 883 281 944 τειχῶν,
302 881 355 930 καὶ
373 879 591 943 παραεκευὴν
610 879 723 931 όπλων
742 880 796 930 καί
815 880 923 942 βελῶν
942 879 996 931 καὶ
1016 893 1164 943 μηχανη-

147 967 274 1033 μάτων,
305 969 359 1020 καί
387 967 636 1036 ὀχυρωσαμένῳ
663 969 725 1034 τήν
752 967 851 1021 πόλιν
879 968 934 1020 ἐπὶ
958 972 1018 1021 τού
1046 983 1165 1033 τετρα-

146 1059 246 1109 ετούε
264 1057 427 1123 πολέμου,
453 1058 506 1108 καί
525 1054 666 1122 εἰρήνην
684 1057 739 1109 καί
758 1056 884 1121 ἀνοχάε
903 1058 957 1109 καί
976 1055 1195 1121 ευμμαχίανο

145 1146 362 1212 ποιηεαμένῳ
395 1145 477 1213 πρὸ(
507 1145 690 1198 Βοιωτούε·
725 1144 799 1198 ἀνθ’
831 1145 877 1198 ὠν
910 1145 1066 1198 ἐξέπεσεν
1098 1145 1204 1198 όπδιο

145 1238 213 1286 τῶν
241 1234 504 1287 καταλυεάντων
531 1233 591 1286 τόν
619 1236 738 1300 δῆμον·
768 1237 822 1286 καί
847 1235 891 1288 ὼε
916 1237 1084 1299 κατῆλθεν
1110 1233 1163 1286 ἐπὶ

144 1323 333 1376 Διοκλέουε
356 1323 522 1388 άρχοντοε
546 1322 610 1376 ὑπό
634 1328 694 1376 τού
719 1323 841 1390 δήμου,
868 1323 1079 1376 ευετείλαντι
1101 1323 1163 1387 τήν

145 1410 312 1477 διοίκηειν
335 1413 459 1480 πρώτῳ
483 1413 537 1463 καί
561 1413 755 1480 φειεαμένιρ
778 1417 846 1466 τῶν
865 1412 1090 1478 ὑπαρχόντων
1110 1413 1163 1463 καί

144 1501 388 1566 πρεεβεύεαντι
417 1501 499 1566 πρόε
527 1500 717 1567 Λυσίμαχον
746 1503 799 1553 καί
826 1501 966 1566 λαβόντι
994 1504 1040 1567 τῷ
1068 1499 1162 1567 δήμῳ

143 1589 328 1655 τριάκοντα
351 1589 501 1642 τάλαντα
524 1589 688 1656 ἀργυρίου
713 1592 767 1642 καί
789 1591 889 1643 πάλιν
908 1590 1007 1656 ἕτερα
1026 1589 1161 1641 ἑκατόν·
1177 1602 1202 1642 15

144 1680 198 1731 καί
225 1678 395 1744 γράψαντι
422 1677 604 1744 πρεεβείαν
632 1680 716 1745 πρὸ(
743 1679 960 1744 Πτολεμαῖον
991 1677 1039 1731 cic
1063 1677 1162 1742 Αίγυ-

143 1783 240 1832 πτον,
264 1767 340 1820 καθ’
358 1767 398 1833 ἣν
422 1767 669 1821 ἐκπλεύεαντεε
691 1767 907 1833 πεντήκοντα
926 1768 1087 1833 ἐκόμισαν
1105 1767 1161 1819 τά·

143 1859 248 1910 λαντα
272 1856 437 1923 ἀργυρίου
461 1861 507 1924 τῷ
531 1857 638 1924 δήμῳ·
664 1859 717 1909 καί
740 1857 824 1923 πρόε
844 1855 1066 1923 Ἀντίπατρον
1084 1872 1161 1922 πρε-

145 1947 319 2012 εβεύεαντι
347 1947 401 1999 καὶ
428 1945 567 2011 λαβόντι
597 1945 703 1998 είκοει
730 1946 880 1999 τάλαντα
913 1944 1077 2012 ἀργυρίου
1106 1945 1188 2002 καίί

144 2035 312 2089 Ἐλευσῖνα
345 2036 558 2104 κομισαμένῳ
590 2040 636 2103 τῷ
671 2035 764 2103 δήμῳ
794 2037 847 2089 καί
874 2041 981 2088 ταῦτα
1008 2034 1201 2090 πείεαντιιο

143 2123 275 2177 ἑλέσθαι
294 2125 353 2176 τόν
372 2126 480 2190 δῆμον
499 2127 552 2177 καί
571 2124 749 2190 πράξαντι,
770 2127 823 2177 καί
838 2125 984 2191 φυγόντι
1004 2126 1063 2189 μὲν
1077 2125 1160 2191 ὑπὲρ

143 2213 389 2278 δημοκρατίαι,
433 2214 654 2279 μετεσχηκότι
693 2215 729 2266 δέ
766 2215 927 2279 οὐδεμιάε
964 2213 1160 2279 ὀλιγαρχίαι

142 2302 222 2354 οὐδὲ
251 2301 359 2367 ἀρ’χήν
387 2302 549 2366 οὐδεμίαν
575 2302 696 2368 ἠρχότι
721 2303 992 2356 καταλελυκότα(
1017 2307 1077 2355 πού
1103 2303 1160 2368 δή-

144 2405 219 2455 μου·
242 2393 295 2442 καὶ
315 2391 404 2458 μόνῳ
425 2389 611 2456 Ἀθηναίων
630 2397 696 2444 τιύν
716 2392 800 2444 κατά
817 2393 880 2457 τὴν
899 2383 1006 2457 αὐτὴν
1025 2390 1159 2458 ἡλικίαν

141 2481 441 2546 πολιτευσαμένων
465 2482 506 2544 μὴ
531 2480 775 2546 μεμελετηκότι
797 2483 860 2547 την
882 2480 1029 2546 πατρίδα
1052 2485 1158 2533 κινεῖν
1173 2494 1199 2534 ιο

142 2569 250 2636 ἑτέρῳ
273 2569 496 2633 πολιτεύματι
519 2570 537 2634 ἢ
562 2568 785 2636 δημοκρατίᾳ·
810 2572 864 2622 καί
885 2571 944 2622 τά(
963 2567 1087 2635 κρίεειε
1105 2571 1158 2622 καί

141 2659 222 2710 τούε
247 2657 374 2723 νόμου(
398 2659 452 2710 καί
477 2658 516 2710 τά
542 2658 741 2724 δικαετήρια
765 2660 818 2710 καὶ
840 2659 900 2711 τά(
923 2658 1037 2711 οὐείαε
1059 2662 1158 2711 πάειν
1187 2685 1190 2690 <

142 2745 333 2812 Ἀθηναίοις
357 2746 391 2800 ἐν
415 2746 558 2813 άεφαλεῑ
581 2748 761 2813 ποιήσαντι
784 2748 837 2800 διά
861 2751 921 2813 τηε
939 2748 1045 2800 αὐτοῦ
1064 2749 1158 2800 πολι-

140 2836 233 2889 τείαε
252 2838 306 2889 καί
325 2836 429 2902 μηδὲν
449 2835 654 2889 ὑπεναντίον
672 2841 711 2904 τη
737 2837 949 2905 δημοκρατίᾳ
968 2837 1157 2902 πεπραχότι

142 2924 224 2990 μήτε
243 2925 330 2992 λόγῳ
351 2925 433 2991 μήτε
453 2925 570 2992 ἔργιμίί.
607 2926 624 2990 ἡ
646 2923 671 2977 δ’
689 2923 772 2977 εἰκὼν
790 2930 840 2978 τού
860 2926 1047 2992 Δημοχάρουε
1066 2925 1104 2978 είε
1122 2926 1155 2978 τό
1170 2940 1196 2979 σο
1211 2930 1289 2978 847ο

140 3019 308 3080 πρυτανεῖον
327 3013 516 3081 μετεκομίεβη,
535 3015 598 3080 περὶ
617 3013 650 3079 ἡ(
668 3013 838 3080 προείρηται.

213 3137 324 3209 βαύιῷ
343 3137 407 3190 add.
427 3135 632 3190 Westermann
715 3133 839 3206 ἐκγόνων
857 3137 1012 3206 Ειιιροιίιιε,
1032 3134 1155 3206 ἐγγόνων

140 3206 214 3262 libri.
296 3192 369 3261 δ’τῶ
388 3208 493 3274 Ιιοάαίι,
512 3217 568 3262 τῶν
586 3207 661 3261 libri.
744 3207 910 3263 filacunam
928 3209 1013 3262 indie
1031 3209 1156 3262 Wester-

140 3296 240 3347 mann,
263 3279 312 3346 qui
330 3264 375 3333 ἀεὶ
393 3282 483 3342 καλῶς
501 3279 550 3333 καί
568 3283 716 3346 καθαρῶς,
736 3279 785 3332 καί
804 3279 1034 3352 κατεργασαμένῳ
1052 3280 1140 3334 uel
1118 3297 1155 3336 σι-

140 3349 221 3404 milia
240 3350 376 3404 excidisse
394 3352 485 3420 pubal.
578 3355 611 3403 10
630 3347 685 3405 δπό
703 3350 913 3418 Ψοιίατιιιαιιιι,
932 3349 989 3407 ἀπὸ
1008 3336 1082 3407 libri.

141 3427 175 3474 14
202 3421 401 3492 πρεσβεύσαντι
428 3421 606 3489 Μονίιίααιιι,
638 3419 849 3511 πρεσβευόντων
876 3423 931 3476 duo
960 3424 1070 3478 codices
1097 3422 1154 3475 ΑΗ

140 3492 289 3562 (Ροιίοίιιί),
303 3491 532 3565 πρεσβευσάντων
547 3493 641 3548 celeri
714 3498 748 3546 20
765 3490 911 3550 Ἐλευσῖνα
924 3494 1060 3563 Niebuhr,
1080 3495 1154 3549 ἕλευ·

140 3561 215 3618 σίνια
233 3563 307 3619 libri.
381 3570 413 3617 21
434 3563 504 3632 δπίρ
523 3563 676 3634 Χγίαιιάοι,
695 3565 750 3620 ὑπό
769 3565 843 3621 libri.
