2666 3910
178 211 243 262 XIV
582 210 799 262 PROOEMIVM

179 378 216 436 de
239 375 362 437 Caecilii
389 377 465 436 libro
494 373 561 458 περὶ
587 384 642 438 cod
668 385 851 458 χαρακτῆρος
878 384 937 435 τῶν
964 373 1035 436 δέκα
1063 375 1197 456 ῥητόρων

178 466 323 542 inscripto
355 467 490 542 exposui,
528 466 589 526 alia
609 467 862 527 'consideratione
895 465 1092 526 affirmantia.
1138 465 1198 525 Hic
1317 471 1321 496 *

179 556 259 615 euim
287 555 363 614 liber
385 575 417 615 re
440 574 520 614 uera·
535 555 572 614 ab
600 559 721 615 auctore
748 557 810 615 iem
833 555 949 616 seniore
972 556 1125 616 confectus
1152 557 1197 614 ui-

180 645 267 703 detur
286 663 356 704 esse.
394 645 473 704 Nam
491 646 527 704 ir.
545 647 609 704 130
627 647 707 704 recte
726 645 766 704 ad
784 644 948 704 Caecilium
965 645 1096 704 relatum
1113 645 1199 703 uide·
1223 665 1227 674 ·

154 745 157 752 ⁴
179 737 238 808 tur,
262 753 331 792 cum
353 734 455 793 uerbis
477 730 619 814 φέρονται
641 737 711 812 xci,
736 753 812 809 quae
832 733 1003 794 Caeciliana
1026 751 1090 794 esse
1109 735 1200 792 ualde

179 823 343 883 uerisimile
367 826 421 899 est,
444 826 527 900 prior
549 823 631 884 illius
655 842 725 900 pars
749 824 822 882 adeo
844 825 1020 882 continuata
1043 825 1074 882 et
1095 825 1199 882 iuncta

180 913 229 986 sit,
251 914 286 970 ut
309 913 535 990 compilatorem
560 912 599 972 ad
625 913 698 973 duos
724 917 860 972 auctores
886 912 995 972 adiisse
1018 912 1071 970 uix
1097 915 1199 988 putes3

179 1002 329 1062 uecordics
348 1003 443 1062 decisi
463 1005 496 1060 iu
514 1003 571 1061 den
593 1003 776 1062 rodnacitea
793 1005 887 1062 neec
909 1002 1026 1074 darauf
1044 1003 1105 1070 tiu,
1128 1002 1200 1061 dass

181 1109 284 1150 ausser
306 1092 399 1151 durch
420 1091 564 1151 Caecilius
587 1092 650 1150 uod
674 1136 702 1148 ..
728 1093 881 1151 beeouders
903 1092 980 1150 auct
1000 1089 1144 1151 Caeciliae
1166 1108 1199 1150 so

180 1181 385 1240 wrlcmdliclcs
403 1181 540 1240 materici
557 1183 589 1239 in
609 1182 685 1240 diosc
703 1183 967 1256 tinciu'pckommcn
985 1183 1028 1240 sei
1044 1171 1128 1260 (Keil
1140 1181 1160 1239 l.
1176 1199 1199 1239 s.

181 1289 209 1345 p.
236 1261 328 1352 223);
358 1271 438 1346 quod
465 1272 492 1329 si
518 1288 624 1328 ererum
651 1273 708 1344 est,
737 1272 917 1348 computare
940 1288 1109 1346 pessumus,
1140 1287 1199 1344 quo

181 1360 242 1418 fere
266 1378 346 1418 anno
370 1357 492 1418 Caecilii
517 1377 593 1434 opus
615 1361 813 1434 compositum
836 1360 883 1418 sit.
930 1358 1045 1418 Keilius
1068 1357 1200 1418 illudio

181 1450 311 1523 primum
338 1449 400 1507 fere
429 1450 482 1507 aut
509 1451 578 1506 ente
602 1451 655 1506 aut
682 1451 751 1524 post
775 1447 926 1506 Christum
954 1449 1061 1507 natum
1088 1465 1200 1507 anuum

181 1537 363 1597 reiciendum
393 1555 455 1596 esse
485 1537 638 1596 uerissime
668 1540 789 1613 statuit,
821 1557 912 1612 quam
939 1537 1200 1597 ratiocinationem

182 1626 374 1702 comprobare
393 1644 454 1684 non
472 1625 593 1684 difficile
613 1630 665 1685 est.
704 1625 778 1684 Cum
802 1629 881 1686 enim
903 1628 936 1684 in
956 1627 1013 1686 hoc
1031 1627 1200 1703 uugmmto

182 1717 308 1775 stemma
331 1715 429 1793 gentis
453 1715 710 1775 Dteobutadorum
732 1718 929 1788 contineatur,
954 1715 1036 1792 quod
1055 1715 1200 1774 Caecilius

181 1824 276 1880 usque
300 1804 338 1864 ad
357 1804 492 1863 Dioclem
515 1804 678 1878 deduxerit,
702 1824 790 1881 quem
813 1805 942 1878 aliunde,
966 1805 1081 1865 scilicet
1101 1823 1137 1864 ex
1155 1806 1201 1862 in-

182 1893 393 1970 scriptionibus
412 1885 504 1974 (CIA
518 1893 565 1950 ΠΙ
581 1895 653 1953 615.
670 1896 732 1952 616
750 1894 798 1969 al,
817 1893 1060 1968 of.I.Ki1uhuer,
1079 1893 1199 1970 Prosop.

182 1983 268 2042 Attl
277 2004 306 2041 n.
315 1985 399 2042 4011
412 2003 440 2057 p.
450 1974 530 2064 269)
545 1983 652 2042 scimus
667 2002 761 2060 usque
774 1985 807 2041 in
815 1982 935 2042 Claudii
949 1985 978 2042 et
985 1983 1113 2043 Neronis
1126 1986 1200 2042 tem-

182 2091 257 2148 pora
281 2071 405 2143 uixisse,
432 2071 512 2130 unde
540 2072 716 2131 concludere
743 2074 815 2132 licet
837 2073 974 2132 Dioclem
1000 2075 1084 2148 prius
1112 2091 1202 2147 quam

183 2162 297 2221 decimo
320 2161 384 2220 fere
406 2163 475 2220 ante
500 2158 652 2220 Christum
680 2164 785 2221 netum
808 2181 886 2220 anno
909 2164 1014 2220 neuim
1042 2181 1102 2220 nou
1129 2179 1202 2235 esse,

182 2270 271 2327 porro
295 2269 363 2310 cum
385 2249 514 2324 Diocles,
536 2253 573 2308 ut
597 2254 722 2326 apparet
745 2270 780 2308 ex
803 2252 1011 2326 rationeque
1035 2270 1054 2309 a
1072 2249 1202 2309 Caecilio

182 2340 268 2399 nullo
295 2339 397 2397 addito
425 2339 556 2398 muneris
583 2341 703 2398 nomine
730 2343 993 2412 commemoratur,
1020 2340 1076 2399 illa
1104 2341 1202 2398 aetate

183 2448 278 2505 paene
295 2430 396 2486 infans
414 2428 515 2501 fuerit,
538 2427 637 2488 Keilio
657 2429 900 2505 adstipulandum
919 2421 1003 2510 est.¹)
1045 2427 1110 2498 Quo
1128 2432 1202 2488 tem·

184 2537 255 2595 pore
278 2519 395 2593 reliqua
418 2517 529 2593 scripte
548 2519 713 2594 composita
732 2521 800 2593 sint,
822 2519 913 2579 hodie
931 2519 1046 2578 dinosci
1063 2537 1125 2577 non
1141 2517 1203 2576 iam

183 2608 290 2683 potest.
755 2619 759 2626 ·

243 2696 345 2754 Trium
355 2696 481 2754 aliorum
489 2699 653 2774 auctorum,
662 2695 851 2772 quiCaeoilio
860 2699 958 2756 aetate
966 2697 1203 2768 coniunctisunt,

183 2787 240 2845 hoo
260 2787 325 2845 loco
347 2787 459 2844 mentio
481 2785 543 2860 fiat,
568 2784 760 2846 Strabonis
777 2777 833 2866 (67
852 2805 878 2845 a.
897 2784 1096 2861 (ηπ-191).
1111 2777 1203 2866 cm),

184 2875 342 2950 Didymi,
375 2873 652 2951 Lysimachidis.
699 2874 808 2934 Strabo
836 2875 944 2951 dignus
972 2877 1018 2935 est
1045 2874 1097 2951 qui
1125 2892 1203 2934 com·

183 2966 379 3039 memoretur,
403 2964 482 3040 quod
507 2963 629 3023 Caecilii
651 2965 761 3024 librum
785 2961 1003 3043 aeplicroot‘ug
1026 2962 1204 3040 inscriptum

184 3052 305 3112 uidetur
336 3054 507 3130 inspexisse.
564 3052 648 3122 Quod
680 3053 719 3112 ad
750 3053 913 3129 Didymum
946 3054 1067 3127 attinet,
1099 3053 1204 3113 uerid-

258 3245 283 3311 1)
302 3243 377 3296 Dum
402 3242 472 3295 haec
497 3241 710 3310 imprimuntur,
737 3243 765 3294 et
791 3239 915 3295 Keilium
941 3243 970 3295 et
994 3257 1039 3294 me
1066 3240 1204 3295 errauisae

184 3313 328 3384 intellege.
366 3311 441 3367 Nam
465 3314 592 3382 ‘propter
615 3314 774 3380 temporum
797 3312 920 3365 rationes
944 3311 990 3364 hic
1011 3311 1123 3366 Diocles
1147 3328 1204 3365 uon

185 3384 262 3439 idem
280 3384 380 3438 haberi
399 3386 494 3453 potest
512 3401 576 3438 oum
596 3383 693 3436 Diocle
713 3382 910 3436 Themistoclis
929 3383 948 3436 f.
968 3382 1114 3453 Hagansio
1133 3381 1204 3436 cla

185 3455 224 3510 111
238 3462 297 3511 tlt.
314 3457 377 3510 616'
399 3455 535 3509 Kirchuer
548 3455 566 3508 l.
583 3472 617 3516 s.;
636 3455 702 3507 uide
721 3457 841 3508 stemma
858 3455 935 3523 apud
948 3454 1133 3508 Kirchnerum
1148 3453 1166 3508 1.
1183 3471 1203 3508 s

185 3547 211 3582 n.
228 3534 297 3582 6664
312 3547 339 3597 p.
350 3532 403 3580 430
417 3527 582 3592 exhibitum,
598 3527 647 3594 qui
662 3526 751 3580 nostri
765 3525 872 3580 Dioclis
886 3525 979 3594 ἀκμήν
995 3543 1067 3580 anuo
1079 3531 1094 3578 9
1105 3541 1130 3578 a.
1141 3524 1204 3579 chr.

187 3601 327 3654 attribuit.
