2666 3910
518 226 734 280 PROOEMIVM
1031 229 1133 281 XXXV

115 395 234 454 libellus
267 399 337 453 aute
370 396 470 454 oculos
501 397 645 454 uersatur.
697 394 729 452 si
761 396 818 454 hoc
850 396 1004 455 nobiscum
1032 397 1133 454 animo

115 485 412 559 considerauerimus‚
446 503 502 543 uon
536 503 633 560 pauca
660 479 831 543 Caeciliana
858 486 994 563 detegere
1022 488 1131 560 peteri-

117 593 191 633 mus.
237 573 316 643 Quin
338 593 414 632 unus
438 576 486 633 uir
508 573 626 648 doctus,
650 571 680 631 C.
704 573 860 649 Hammer‚
884 577 967 633 emus
990 575 1134 633 iudicium

116 664 225 722 talium
245 683 345 722 rerum
363 663 450 722 ualde
470 665 603 737 aestimo,
622 660 661 721 'eo
680 665 832 739 processit,
851 666 964 723 utnon
983 664 1133 722 dubitaret

3 771 12 796 r
39 777 43 790 ·
117 754 190 814 haec
213 745 393 833 obtinerel):
417 771 446 811 es
468 753 539 811 stabi
561 769 665 812 ausser
687 753 805 827 amalfa,
828 753 907 828 dass,
930 771 974 811 wo
993 753 1044 810 der
1063 770 1133 812 aaa

117 860 203 916 cyrae
233 845 380 915 cerfasscr
408 843 487 901 alcbt
516 842 735 901 ausdrceclb'eb
763 859 852 916 papea
877 843 930 900 iba
958 834 1009 924 (sc.
1034 840 1133 901 Caeci-

117 923 206 1011 lium)
224 933 411 1003 perculerim,
433 932 490 989 wir
511 933 568 990 dccc
591 931 687 990 ccbtca
710 930 854 990 Caecilius
877 948 930 989 cer
951 947 1009 989 aas
1031 932 1131 990 baben.

117 1018 305 1095 Quamquam
327 1021 397 1078 huic
416 1019 569 1078 doctrinae
593 1019 773 1095 adstipulari
795 1039 917 1095 nequae.
965 1019 1022 1078 Sed
1045 1021 1133 1079 hodie

117 1128 234 1184 qnoque
261 1110 390 1186 uestigia
417 1109 499 1169 illius
528 1128 675 1186 anonymo
702 1113 732 1168 et
759 1110 822 1168 eius
850 1111 945 1167 amico
969 1111 1133 1168 communis

114 1198 252 1258 lectionis
272 1197 433 1257 Caeciliani
456 1199 528 1256 libri
551 1218 569 1256 a
591 1199 677 1258 nobis
698 1199 798 1274 detegi
820 1217 907 1274 posse
929 1199 962 1256 in
985 1200 1132 1276 fragmen·

116 1289 156 1346 tis
175 1289 258 1364 ipsis,
278 1307 354 1363 quae
369 1286 492 1347 Caecilii
510 1307 573 1347 esse
592 1287 712 1346 aliunde
726 1289 851 1362 constat,
870 1288 958 1347 ualde
971 1287 1133 1346 uerisimile

116 1379 169 1436 est.
210 1377 285 1436 Dico
308 1378 383 1437 tales
403 1377 557 1451 formulas,
580 1379 683 1452 quales
706 1378 832 1454 legimus
854 1378 887 1436 in
905 1378 941 1436 fr.
961 1378 1012 1453 83,
1034 1380 1133 1453 lsqq.,

115 1467 167 1540 83,
187 1467 291 1541 24sq.,
316 1468 367 1541 93,
387 1467 438 1540 21,
464 1468 504 1525 94
524 1487 552 1542 p.
573 1468 624 1539 82,
644 1467 696 1540 31,
721 1468 761 1525 97
781 1487 810 1542 p.
831 1467 881 1541 88,
902 1467 930 1524 3.

182 1556 226 1614 Dc
245 1556 372 1632 singulis
392 1555 566 1632 fragmentis
585 1573 735 1630 perpauca
752 1555 801 1614 hic
819 1555 894 1612 mihi
912 1555 1037 1614 dicende
1055 1557 1132 1614 sunt.

113 1643 163 1702 Ad
184 1645 386 1722 fragmentum
410 1646 450 1704 92
480 1645 605 1704 fortasse
629 1645 766 1703 adnotari
788 1646 888 1720 potest
911 1663 926 1700 e
949 1646 1065 1703 ratione
1089 1645 1133 1702 di·

114 1733 199 1792 ccndi
231 1735 297 1808 ipsa
329 1726 371 1814 (el
402 1729 434 1792 δέ
466 1755 509 1804 τις
536 1731 667 1794 αὐτόθεν
695 1725 834 1814 φοβοῖτο)
862 1733 984 1809 probari
1011 1732 1133 1792 Caecilii

114 1824 333 1882 auctoritatem.
379 1822 511 1896 Accedit,
535 1823 614 1898 quod
638 1823 771 1881 anxietas
796 1822 867 1897 eius,
890 1823 926 1881 de
949 1842 1008 1898 quo
1033 1825 1133 1900 agitur

114 1914 144 1970 et
173 1913 224 1986 qui
250 1913 351 1985 timet,
380 1908 428 1970 ‘ne
456 1913 528 1987 quid
555 1913 690 1988 proferat
717 1913 834 1971 saeculo
858 1929 911 1972 suc
934 1931 1044 1988 parurn
1064 1931 1131 1972 con-

113 1996 258 2075 ueniens,
280 2002 344 2060 tam
372 2000 490 2074 acerbe,
518 2004 552 2060 ut
575 2001 753 2061 Martensius
780 2003 845 2060 iure
869 2003 1023 2078 opinatur,
1053 2003 1132 2060 uitu-

113 2093 219 2166 perata
246 2093 304 2165 est,
328 2085 379 2150 ‘ut
407 2093 520 2149 certum
549 2090 723 2166 scriptorem
750 2085 873 2166 respici'
901 2090 1028 2148 maxime
1054 2091 1132 2149 ueri-

114 2178 210 2238 simile
241 2181 294 2254 sir,
325 2181 377 2256 qui
406 2197 492 2238 neme
523 2181 600 2240 alius
627 2180 685 2238 nisi
713 2179 874 2253 Caecilius,
901 2180 1133 2257 Pseudolongini

114 2267 315 2343 aduersarius,
340 2272 392 2328 est.
416 2301 458 2310 -
482 2269 518 2326 ln
542 2269 577 2327 fr.
598 2271 640 2329 94
659 2290 688 2345 p.
709 2270 759 2344 78,
780 2272 904 2345 lsssqq.‚
927 2270 981 2328 ubi
1003 2269 1131 2328 Pseudo-

114 2357 252 2434 longinus
267 2355 432 2430 ἕναλλάξεις
440 2355 579 2437 ἀριθμῶν
592 2361 767 2434 pertractat,
782 2359 905 2417 eundem
918 2357 1078 2417 Caecilium
1088 2377 1131 2416 re·

113 2447 190 2522 spici
202 2449 380 2522 putauerim.
406 2447 588 2507 Crediderim
598 2446 761 2506 Caecilium
775 2467 811 2506 ea
825 2448 968 2523 exempla,
981 2449 1014 2505 in
1025 2449 1132 2522 quibus

112 2536 229 2594 numeri
252 2537 417 2614 singulares
440 2539 502 2595 uim
525 2537 688 2612 pluralium
710 2536 835 2611 habent,
859 2538 978 2612 copiose
1000 2537 1132 2596 illustra-

112 2627 201 2699 uisse,
225 2645 260 2683 ea
283 2627 418 2702 exempla
441 2629 550 2700 autem,
573 2625 604 2683 in
624 2626 730 2701 quibus
750 2626 862 2684 formae
880 2626 1012 2702 plurales
1031 2645 1132 2686 nume-

112 2735 180 2772 rum
209 2715 390 2792 singularem
418 2715 600 2793 significant,
630 2715 801 2792 neglexisse.
852 2715 995 2774 Aemulus
1023 2717 1054 2772 et
1082 2715 1131 2773 ad-

112 2805 262 2863 uersarius
281 2807 372 2863 etiam
391 2806 547 2864 inhaere
566 2823 634 2862 curn
649 2803 787 2878 Caecilio,
804 2805 926 2862 inimico
945 2823 1008 2877 suc,
1028 2806 1131 2862 certat.

3 2911 8 2928 ‘¹
114 2892 291 2952 Reiciuntur
314 2895 393 2953 enim
417 2913 452 2952 ea
475 2895 550 2970 ipsa,
574 2913 651 2969 quac
671 2893 816 2953 Caecilius
840 2895 962 2952 maioris
985 2911 1047 2952 esse
1071 2912 1132 2951 mc-

112 2983 207 3040 menti
234 2981 397 3042 arbitratus
420 2985 496 3058 erat,
525 2986 555 3042 et
577 2985 787 3059 praeferuntur
809 3001 857 3056 ea,
886 3001 961 3058 quae
985 2983 1033 3039 hie
1056 2984 1131 3040 tam-

115 3091 206 3146 quam
228 3072 404 3147 proferendo
427 3075 526 3132 minus
550 3073 641 3151 digna
663 3074 841 3152 neglexerat.
882 3071 940 3130 Illa
963 3073 1132 3130 coniectura

114 3162 206 3218 etiam
226 3164 323 3220 colore
341 3165 484 3224 sermonis
502 3162 735 3239 Pseudolongini
754 3161 958 3236 confirmatur3
976 3159 1033 3218 huc
1052 3163 1131 3218 enim

114 3251 250 3325 spectant
282 3269 342 3309 non
373 3251 470 3310 selum
498 3251 591 3311 uerba
622 3259 681 3311 τῶν
712 3249 785 3311 κατὰ
815 3248 884 3320 τοὺς
911 3247 1062 3327 ἀριθμοὺς
1094 3249 1131 3309 οὐ

115 3337 211 3416 μόνοι
241 3347 332 3398 ταῦτα
361 3345 496 3418 κοσμεῖν,
527 3337 622 3400 ὁπόσοι
653 3344 714 3412 τοῖς
746 3339 850 3411 τύποις
882 3336 965 3398 ἑνικὰ
998 3333 1068 3398 ὄντα
1095 3344 1131 3423 τῇ

115 3426 240 3505 δυνάμει
268 3425 341 3486 κατὰ
363 3427 418 3507 τὴν
440 3428 649 3509 ἀναθεώρησιν
671 3425 862 3507 πληθυντικὸν
884 3426 1057 3508 εὑρίσκεται·
1078 3473 1084 3486 .
1105 3473 1130 3506 .,

188 3619 213 3683 1)
234 3617 374 3672 Barsiaus
386 3618 507 3685 jabrcsb.
528 3617 601 3670 cxli
620 3623 690 3670 1890
709 3635 736 3686 p.
754 3623 794 3669 72.

937 3704 970 3757 e*
