2666 3910
526 222 744 276 Paoomssvm
1039 224 1143 276 xxvn

126 382 169 470 (p.
185 391 395 466 terreo-p.
411 381 491 449 491¹¹
507 383 565 473 18)
592 409 650 450 666
675 393 735 451 nisi
757 411 792 450 ex
815 393 1001 452 diuersorum
1024 411 1139 468 excerp·

124 484 224 541 torum
243 481 450 539 coniunctione
468 481 604 558 intellegi
622 483 729 556 potest,
748 484 927 541 sententiam
941 501 1039 542 meam
1052 483 1142 542 ualde

126 568 263 628 affirmat.
314 569 417 628 Cuiuis
444 570 532 627 illum
559 571 671 648 legenti
697 571 890 630 manifestum
917 575 963 632 est
988 573 1037 632 hic
1065 591 1141 631 ccm-

125 659 283 736 pilatorem
302 659 420 718 666116
433 661 520 735 quasi
538 659 717 735 deprehendi
734 679 833 735 posse3
857 679 927 720 narn
946 663 971 720 si
988 661 1040 720 ille
1059 664 1142 720 totus

11 751 13 776 '
125 749 271 808 tractatus
294 749 348 806 661
370 750 486 807 auctori
507 749 684 808 tribuendus
708 751 792 822 esset,
817 751 964 824 quomodo
983 752 1143 826 explicare-

125 842 183 910 tur,
202 838 282 913 quod
300 837 345 896 bis
364 839 427 896 siue
445 840 492 896 ter
510 838 613 897 cadem
631 840 780 898 sententia
793 839 829 896 de
843 839 946 898 eadem
961 841 1142 915 quaestione,

126 927 241 987 scilieet
257 926 295 986 de
313 926 521 988 Demosthenis
540 929 675 986 oratione
698 929 731 986 in
748 927 926 986 Aeschinem
944 928 1057 1002 11611116,
1075 949 1142 1004 pro·

126 1019 222 1075 ferta
253 1019 283 1075 et
315 1017 396 1092 quod
427 1016 482 1074 1116
513 1018 626 1092 6166116
658 1017 740 1076 nullo
769 1017 892 1076 consilio
921 1021 1143 1092 coaceruantur,

126 1109 283 1180 tamquam
314 1105 340 1164 si
367 1105 493 1164 Photius
525 1107 589 1164 siue
621 1107 725 1165 auctor
752 1107 815 1165 6166
842 1108 906 1182 1666
933 1109 994 1165 iam
1021 1109 1144 1181 nesciet,

127 1195 199 1272 quid
220 1195 312 1270 paulo
336 1197 404 1254 ante
428 1193 556 1254 dixerit?
600 1194 743 1254 Videmus
766 1196 873 1274 igitur,
897 1199 932 1254 ut
953 1197 1143 1272 comprehen-

126 1286 209 1358 dam,
236 1284 338 1343 Photii
365 1285 537 1342 thesaurum
565 1303 625 1343 non
652 1285 786 1360 potuisse
808 1305 843 1343 ex
866 1305 926 1344 666
950 1288 1071 1344 auctore
1095 1287 1143 1344 de-

126 1375 271 1449 scriptum
289 1391 360 1446 esse,
379 1373 431 1432 sed
449 1374 641 1432 commixtum
660 1393 695 1432 ex
714 1374 839 1432 diuersis
858 1375 999 1448 fontibus,
1018 1393 1144 1451 qnorum

125 1465 190 1540 ipse
210 1461 340 1537 Caecilii,
364 1462 511 1539 Dionysii,
534 1463 673 1540 Longini,
696 1462 823 1537 Libanii,
844 1463 973 1539 Aspasii,
993 1463 1146 1539 Aristidis,-

127 1553 215 1612 Pauli
237 1552 317 1628 Mysi
340 1553 467 1610 aliorum
490 1552 582 1611 libros
605 1553 748 1610 nominat.

193 1641 280 1700 Nunc
297 1643 329 1699 16
348 1641 474 1719 singulis
492 1641 677 1718 fragmentis,
696 1643 723 1700 61
736 1639 825 1700 modo
838 1661 901 1700 rem
915 1661 1006 1718 opera
1022 1643 1144 1720 dignam

127 1732 261 1790 facturus
285 1749 347 1790 esee
369 1731 445 1789 mihi
468 1731 578 1804 uideor,
605 1733 773 1790 accuratior
796 1731 831 1788 de
857 1730 985 1790 Caecilio
1010 1732 1144 1807 quaestio

125 1821 202 1878 thi
227 1819 412 1880 instituenda
439 1822 503 1878 erit.
550 1819 650 1878 Pauca
678 1819 713 1878 de
736 1821 912 1898 fragmentis
938 1823 1001 1880 110
1025 1824 1056 1880 et
1081 1823 1142 1880 142

127 1910 334 1986 disputaturus
360 1927 433 1969 sum.
481 1910 515 1966 In
542 1910 599 1968 hoc
626 1911 753 1985 utroque
781 1910 846 1968 loeo
874 1910 1037 1985 Dionysius
1059 1910 1144 1970 Hali·

127 2015 284 2058 carnaseos
311 1999 519 2076 impugnatum
546 2001 578 2056 16
606 2000 717 2073 priore,
747 2019 929 2074 quamquam
951 1999 1145 2058 nomenatus

128 2105 186 2146 non
217 2087 349 2160 additur,
381 2091 483 2146 tarnsn
510 2107 546 2146 ea
574 2089 660 2162 reici,
688 2105 764 2162 quae
791 2089 824 2146 in
851 2089 961 2147 1611616
990 2088 1025 2146 de
1053 2088 1146 2165 Lysia

127 2197 150 2236 c.
168 2181 207 2236 19
230 2171 271 2256 (p.
288 2181 338 2253 31,
355 2181 392 2235 21
411 2176 461 2236 Vs.
477 2168 570 2258 6111.)
594 2177 676 2250 dicit,
699 2178 893 2236 manifestum
916 2181 970 2251 est,
993 2179 1023 2236 16
1048 2181 1145 2252 66616-

126 2269 204 2325 riore
226 2285 332 2326 nomen
357 2267 466 2326 (1166616
489 2267 666 2342 appellatur.
703 2265 769 2324 Iam
792 2269 928 2341 quaestio
951 2268 1054 2340 oritur,
1078 2267 1144 2342 quis

126 2357 183 2416 iste
206 2355 344 2432 Dionysii
368 2353 557 2416 aduersarius
580 2357 678 2414 fuerit.
715 2355 893 2415 Manendum
916 2357 962 2414 661
979 2356 1048 2415 illas
1066 2357 1145 2414 refu·

127 2447 256 2504 tationes
284 2445 483 2521 antiquiorem
511 2447 624 2504 fontem
647 2445 788 2503 redolere.
835 2445 917 2514 Quae
940 2447 1070 2521 suspicio
1092 2465 1146 2520 per

126 2551 157 2594 sa
181 2533 340 2593 admodum
363 2533 526 2609 probabilis
550 2553 585 2592 66
606 2533 751 2608 firmatur,
775 2535 855 2609 quod
878 2537 910 2592 in
928 2538 1056 2610 utroque
1080 2535 1146 2593 locc

127 2622 311 2683 obscuriores
339 2625 502 2697 orationes,
529 2622 637 2698 Lysiae
665 2625 761 2683 oratio
790 2620 863 2681 κατὰ
889 2619 1144 2700 Μνησιπτολέμου

127 2716 158 2771 61
175 2713 390 2791 Aristogitonis
411 2704 568 2792 Ἀπολογία
586 2710 660 2790 πρὸς
678 2710 733 2789 τὴν
751 2710 875 2782 ἔνδειξιν
894 2711 1076 2792 Λυκούργου
1096 2710 1145 2771 καὶ

126 2797 357 2879 Δημοσθένους,
386 2802 557 2860 afferuntur.
603 2801 651 2859 An
677 2804 765 2876 putas
789 2819 881 2860 unum
910 2817 945 2860 ex
971 2801 1144 2860 recentiori-

125 2891 180 2950 bus
203 2891 273 2950 illas
296 2889 435 2950 nouisse?
476 2891 533 2950 Sed
557 2891 617 2950 alia
641 2909 757 2966 qnoque
777 2891 911 2966 66161661
933 2909 1016 2950 meae
1040 2892 1144 2949 suffra-

126 2984 243 3058 gantur.
289 2979 332 3038 Vt
354 2981 416 3038 iam
439 2997 529 3056 supra
553 2975 595 3062 (p.
614 2971 703 3061 XIII)
727 2980 801 3053 dixi,
830 2999 864 3038 ex
887 2981 1055 3058 fragmento
1081 2982 1143 3038 136

127 3061 210 3149 (uide
234 3069 326 3128 etlam
349 3070 384 3126 fr.
402 3062 480 3150 137)
510 3072 635 3144 apparet
659 3068 822 3127 ancssium
845 3071 877 3126 in
901 3068 977 3127 libro
1002 3087 1054 3128 sno
1078 3088 1145 3126 cum

126 3158 272 3234 Dionysio
291 3158 465 3217 conflixisse.
498 3157 576 3226 Quid
594 3159 691 3237 igitur
707 3161 752 3216 est
766 3160 862 3236 magis
875 3159 1039 3216 uerisimile
1055 3177 1145 3232 quarn

128 3247 218 3305 etiam
242 3248 437 3306 refutationes
461 3249 494 3306 16
516 3248 693 3325 fragmentis
719 3250 782 3308 110
806 3250 837 3306 61
858 3249 918 3306 142
940 3250 1088 3306 exstantes
1108 3247 1145 3304 ad

130 3335 293 3395 Caecilium
316 3337 498 3396 reuocandas
522 3335 605 3398 esse?
650 3337 755 3412 Neque
778 3339 889 3395 minim
913 3337 1043 3396 66111116
1066 3355 1146 3394 acer-

127 3425 254 3484 bitatem
296 3428 368 3486 satis
400 3429 551 3505 egregiam
583 3428 692 3504 inesse,
732 3427 891 3484 dummodo
927 3425 1146 3486 consideremus

128 3529 232 3574 omnes
248 3516 444 3574 refutationes
458 3518 552 3574 totius
571 3517 770 3592 anttquItatIs,
789 3517 965 3592 praesertim
984 3515 1021 3572 ab
1036 3531 1146 3588 aequa·

127 3603 205 3663 libus
225 3604 381 3679 profectae,
401 3623 482 3665 acres
496 3605 604 3681 fulssey
622 3605 746 3680 accedit,
759 3601 839 3680 quod
852 3606 884 3662 16
898 3605 1066 3682 fragmento
1081 3605 1146 3662 110
