2666 3910
187 219 240 268 XII
588 217 806 268 PROOEMIVM

188 383 266 440 Nam
294 384 402 442 seimus
429 383 499 441 inde
522 401 540 441 a
562 383 746 458 temporibus
773 383 968 442 hellenisticis
993 401 1136 458 persaepe
1159 401 1203 442 ce-

187 471 282 530 lebres
310 473 391 530 uiros
419 473 539 530 honoris
568 490 657 530 causa
687 472 767 531 ciues
795 472 962 548 appellatos
990 490 1053 530 esse
1080 475 1111 530 et
1139 491 1204 530 eam
1311 475 1316 496 ³

187 561 224 619 ob
238 581 302 619 rem
316 563 438 619 nomina
451 562 568 636 patriae
582 561 704 620 illorum
717 581 858 640 magnam
872 563 989 638 partem
1003 561 1089 620 uaria
1103 563 1202 620 trisse.

187 650 340 708 Nonnulla
359 669 452 725 eaque
475 652 631 709 notissima
652 651 787 726 exempla
809 651 882 710 haee
905 652 988 710 sunt:
1012 648 1203 722 Ἀπολλώνιος

187 735 202 798 ὁ
226 731 351 816 Ῥόδιος,
378 759 411 798 re
434 758 506 798 uera
531 733 751 818 Ἀλεξανδρεύς,
780 739 981 811 Ποσειδώνιος
1010 731 1203 816 ὁἈπαμεύς,
1315 754 1316 758 ’

187 825 268 910 νόμῳ
296 824 328 886 δὲ
351 821 478 907 Ῥόδιος,
505 828 631 908 Κάστωρ
659 821 824 907 ὁῬόδιος,
853 831 945 888 etiam
967 831 1123 900 Γαλατεῐος
1152 849 1202 888 uo-

187 919 278 976 catus.
307 949 349 958 —
378 917 426 976 Ad
457 918 603 977 librorum
635 921 735 977 autern
763 917 1001 978 Caecilianorum
1033 919 1200 995 catalogum

187 1006 295 1065 addam
322 1025 413 1081 nuno,
445 1010 605 1083 postquam
635 1008 809 1067 felicissimo
837 1026 907 1067 casu
937 1009 1052 1067 factum
1081 1009 1139 1080 est,
1170 1015 1204 1066 ut

187 1093 390 1155 Caecilianum
417 1117 529 1155 nouum
553 1091 603 1176 (fr.
625 1089 702 1175 163)
729 1116 784 1171 per
809 1116 972 1173 papyrum,
1001 1116 1060 1172 qua
1087 1096 1202 1155 Aristo-

186 1185 254 1243 telis
278 1185 314 1244 de
332 1185 497 1261 Republica
514 1186 743 1245 Atheniensium
766 1188 1012 1245 commentarium
1036 1205 1051 1244 e
1074 1185 1203 1244 tenebris

185 1276 356 1348 resurrexit,
379 1274 418 1333 ad
436 1293 489 1334 nos
506 1277 686 1350 peruenerit,
709 1277 847 1334 neniam
867 1275 1000 1334 dubitari
1017 1294 1112 1351 posse,
1132 1276 1203 1352 quin

188 1362 333 1422 Caecilius
365 1366 484 1439 praeter
511 1383 560 1423 eos
588 1364 693 1438 libros,
724 1383 850 1440 quorum
877 1365 962 1423 tituli
990 1383 1024 1422 ex
1053 1364 1146 1424 Suida
1174 1369 1203 1424 et

186 1452 307 1510 aliunde
329 1471 389 1512 non
411 1453 508 1529 ignoti
531 1456 610 1529 sunt,
634 1453 708 1512 alios
732 1455 891 1528 scripserit.
930 1453 963 1512 Si
986 1455 1022 1513 de
1044 1455 1101 1513 hoc
1123 1455 1203 1534 frag-

185 1546 286 1600 mento
314 1544 345 1599 et
375 1542 552 1620 fragmentis
578 1544 760 1601 159—162
789 1545 868 1602 recte
895 1543 1028 1602 iudicare
1054 1543 1202 1618 uolumus,

185 1632 283 1690 facere
311 1650 371 1689 non
397 1649 569 1706 possumus,
602 1633 675 1706 quin
704 1630 867 1691 Caecilium
893 1634 1027 1710 singulas
1054 1635 1202 1692 orationes

185 1721 211 1778 si
234 1739 293 1778 non
317 1721 450 1778 omnium
469 1721 630 1794 rhetorum,
654 1724 686 1779 at
704 1724 783 1780 certe
801 1721 1010 1781 Demosthenis
1028 1723 1059 1781 et
1082 1721 1204 1782 Aeschi-

186 1808 240 1885 nis,
265 1809 425 1886 diligenter
443 1812 474 1866 et
493 1812 611 1885 copiose
629 1811 869 1886 interpretandas
888 1811 945 1870 sibi
964 1813 1124 1886 sumpsisse
1143 1815 1202 1872 sta·

185 1900 313 1956 tuamus.
360 1897 474 1956 Deinde
503 1918 538 1957 ex
567 1900 744 1976 fragmentis
770 1901 953 1959 156-158
982 1901 1097 1960 elucere
1128 1902 1204 1960 mihi

186 1986 306 2045 uidetur
325 1985 490 2046 Caecilium
508 1988 676 2062 Thucydidi
700 2008 817 2065 quoque
841 2007 901 2048 non
924 1991 1063 2066 exiguam
1083 2009 1203 2065 operam

185 2094 312 2136 nauasse
340 2079 371 2134 et
398 2077 523 2134 fortasse
552 2077 736 2154 singularem
762 2078 874 2136 librum
904 2081 932 2137 ei
958 2079 1117 2138 dedicasse.
1163 2081 1204 2138 Et

185 2164 497 2224 Pseudocaecilianum
519 2165 608 2240 illud,
637 2167 715 2243 quod
738 2186 792 2242 per
814 2167 956 2226 Ioannem
979 2168 1017 2226 ab
1041 2169 1148 2228 Arnim
1170 2171 1203 2227 in

184 2255 281 2313 lucem
303 2255 395 2312 rediit
418 2256 447 2312 et
466 2255 546 2329 quod
564 2274 702 2332 supremo
720 2256 785 2315 loeo
804 2257 987 2316 collectionis
1006 2275 1089 2316 meae
1107 2258 1203 2333 posui,

186 2346 216 2401 et
242 2345 274 2402 in
302 2363 360 2419 quo
392 2342 492 2418 aliquo
520 2344 609 2403 modo
633 2347 738 2424 Χρεῑαι
764 2347 814 2404 uel
844 2347 955 2404 similia
985 2347 1204 2424 colligebantur

185 2434 248 2492 siue
280 2432 502 2505 tractabantur,
533 2433 660 2508 indicat,
692 2436 725 2492 ni
755 2435 858 2509 fallor,
890 2438 1025 2494 nostrum
1054 2437 1203 2496 rhetorem

184 2521 296 2580 librum
319 2523 526 2597 composuisse,
550 2525 633 2582 cuius
655 2527 863 2601 argumentum
887 2525 1021 2600 aliquam
1043 2528 1203 2585 necessitu-

186 2610 285 2670 dinem
309 2629 377 2668 cum
394 2611 482 2670 huius
506 2615 682 2688 argumento
705 2613 843 2671 habebat.

253 2697 362 2758 Omnes
373 2699 445 2758 libri
460 2698 623 2759 Caeciliani
637 2702 778 2778 discerpti
793 2705 822 2760 et
836 2703 984 2778 deperditi
997 2706 1075 2763 sunt.
1108 2703 1203 2773 Quae·

184 2790 276 2863 renti,
305 2807 358 2848 cur
379 2789 436 2848 hoc
458 2791 572 2848 factum
595 2793 647 2865 sit,
676 2811 711 2850 ea
733 2791 910 2868 respondeo,
935 2812 1010 2869 quae
1033 2795 1204 2870 nuperrime

185 2877 343 2937 Vdalricus
368 2877 404 2937 de
423 2878 624 2938 Wilamowita
647 2882 679 2938 in
702 2881 779 2939 libro
803 2900 856 2940 suo
879 2883 926 2940 die
946 2883 1121 2956 griechische
1142 2883 1205 2943 1110-
1314 2915 1316 2924 ⁴

184 2972 270 3026 ratur
288 2968 338 3027 des
356 2969 506 3028 atterimus
526 2960 587 3048 (die
604 2970 703 3028 tollar
720 2971 772 3028 der
787 2971 985 3045 pepeuwcrll
1005 2964 1039 3052 8)
1058 2973 1204 3048 inscripto

184 3077 213 3132 p.
235 3058 298 3115 148
327 3057 416 3115 dixit:
455 3056 612 3126 Caecilius,
643 3061 690 3118 eiu
717 3061 849 3134 effectur
877 3061 990 3120 hoechsl
1016 3063 1204 3136 000191εο110,

185 3147 428 3206 leoninisreichcr
448 3148 510 3205 used
536 3149 738 3207 tetriebsumer
760 3149 863 3217 rhetor,
888 3151 938 3208 aa·
962 3151 1032 3209 aber
1054 3152 1102 3209 ein
1124 3151 1205 3211 allae

185 3238 363 3308 theutischer
387 3238 490 3295 culter
507 3256 580 3306 war,
602 3254 634 3296 so
653 3238 723 3296 dass
744 3240 821 3297 scine
839 3239 960 3298 baecher
977 3241 1109 3299 aelmon
1126 3242 1204 3300 sind.

186 3325 226 3382 Et
249 3327 351 3383 tamen
370 3327 516 3400 quantum
535 3345 569 3384 ex
588 3324 712 3385 Caecilii
733 3327 882 3387 thesauris
906 3347 923 3386 a
945 3317 1130 3405 sequioribus
1154 3329 1204 3387 de·
1315 3349 1316 3352 ¹

186 3417 339 3489 sumptum
358 3417 414 3474 estl
450 3415 556 3474 Paucis
580 3415 739 3474 admodum
762 3417 835 3476 locis
856 3415 980 3476 Caecilii
1001 3437 1110 3478 nomen
1133 3418 1205 3478 sffe-
1315 3427 1316 3472 l

185 3508 268 3578 runt,
301 3505 396 3563 multo
428 3504 565 3580 pluribus
594 3523 701 3563 nomen
732 3507 824 3566 fontis
854 3507 902 3565 sui
928 3508 1087 3566 reticentes
1110 3507 1205 3568 libros

184 3595 268 3652 illius
292 3613 450 3672 usurpasse
474 3597 505 3655 et
528 3593 673 3672 expilasse
697 3595 836 3655 censendi
858 3598 936 3658 sunt.
