2666 3910
537 229 754 281 PROOEMIVM

534 437 582 490 De
606 436 760 491 Libanio.

227 573 334 633 Paucis
348 573 508 634 Libanium
521 575 765 652 perstringemus,
781 595 868 650 quem
881 577 961 634 inter
974 577 1154 634 uetustiores

138 662 206 722 illos
239 663 373 722 homines
405 665 523 723 criticos
555 665 682 724 maxime
714 666 877 739 respexisse
909 667 939 723 et
976 665 1153 740 excerpsisse

9 753 21 770 ¹·
139 750 301 811 Caecilium
324 753 385 811 iarn
407 753 435 812 J.
455 754 508 812 Th.
524 745 681 835 Voem011)
705 752 879 827 coniecerat,
904 773 980 828 quae
1003 756 1152 812 sententie

138 841 274 900 omnibus
296 842 366 918 fere,
390 845 443 918 qui
466 845 561 902 secuti
584 847 660 918 sunt,
685 846 731 901 est
752 834 920 924 probata.²)
958 844 998 900 Et
1017 863 1069 902 suo
1088 845 1153 901 iure

138 930 374 990 Burckhardtius
393 934 561 1007 suspicatus
580 935 625 991 est
644 935 674 990 et
692 934 877 1008 argumentis
897 927 1084 991 confirmauit
1103 931 1153 989 Li-

137 1018 236 1091 banio‚
255 1039 322 1079 eum
340 1024 448 1097 quarto
468 1023 585 1080 saeculo
607 1019 675 1092 τοὺς
694 1017 910 1101 πρεσβυτέρους
929 1021 1055 1097 afferret,
1082 1021 1152 1080 an-

138 1109 240 1168 cilium
268 1113 321 1169 eut
348 1110 526 1186 Dionysium
555 1113 623 1169 ante
651 1111 751 1170 oculos
776 1113 929 1170 uersatum
957 1129 1027 1170 esse.
1074 1111 1153 1170 Nam

138 1197 272 1257 omnibus
296 1201 401 1258 notum
424 1202 477 1274 est,
500 1202 535 1258 ut
552 1202 614 1258 iam
632 1202 751 1276 saepius
771 1200 841 1274 dixi,
865 1218 908 1274 ea,
931 1219 1007 1276 quae
1029 1197 1151 1259 Caecilii

137 1289 168 1346 et
194 1287 334 1364 Dionysii
360 1289 540 1348 auctoritate
569 1289 688 1348 firmate
718 1291 817 1363 erant,
846 1292 967 1348 tentum
997 1290 1077 1366 apud
1106 1290 1151 1347 in-

137 1379 287 1452 sequentis
320 1380 428 1438 aetatis
459 1380 592 1438 rhetores
624 1381 669 1437 ite
696 1378 840 1453 ualuisse,
872 1382 907 1438 ut
935 1398 989 1453 pro
1017 1397 1088 1438 uero
1117 1398 1152 1438 ea

137 1467 305 1542 acciperent
328 1469 358 1526 et
380 1469 442 1526 fere
465 1468 565 1526 omnia
588 1487 655 1541 sua,
683 1471 828 1544 quantum
852 1468 971 1543 quidem
994 1468 1033 1527 ed
1057 1470 1152 1527 artem

137 1555 270 1614 criticam
300 1557 328 1614 h.
353 1575 376 1616 e.
405 1556 443 1615 ad
474 1557 690 1632 quaestionem,
725 1556 797 1632 quid
826 1558 952 1635 singulis
983 1557 1150 1617 oratoribus

136 1643 326 1704 tribuendum
349 1647 439 1720 esset,
467 1666 525 1721 quc
552 1647 741 1722 potissimum
769 1665 875 1724 genere
899 1646 1017 1704 dicendi
1040 1648 1152 1724 singuli

137 1737 268 1793 oratores
292 1739 390 1794 essent
412 1737 460 1794 usi
483 1736 606 1811 etquid
630 1738 662 1792 in
685 1736 811 1812 singulis
834 1735 962 1793 maxime
986 1739 1063 1794 esset
1085 1737 1151 1794 imi·

136 1821 269 1896 tandum,
292 1826 418 1900 spectet,
441 1845 476 1882 ex
495 1824 623 1883 Caecilio
647 1828 749 1883 nostro
773 1827 804 1882 et
822 1824 966 1900 Dionysio
987 1825 1151 1884 haurirent.

20 1981 23 1987 ,
137 1909 209 1980 Quis
229 1914 308 1971 enim
330 1914 406 1972 teliu
427 1933 461 1974 ex
480 1915 632 1973 rhetorum
654 1915 852 1973 recentiorum
875 1916 1008 1990 ipsorum
1031 1916 1150 1992 ingenio

136 2002 271 2076 profecta
300 2021 362 2062 esse
390 2002 529 2078 putabit?
582 2003 641 2062 Suo
671 2005 735 2062 iure
765 2004 895 2062 Brnosku
925 2004 944 2061 l.
968 2022 990 2062 s.
1015 2005 1149 2079 p.1187

135 2089 223 2150 dicit:
247 2093 306 2164 auf
323 2093 375 2150 iba
397 2083 451 2174 (sc.
472 2085 648 2175 Caecilium)
671 2095 733 2152 esec
751 2095 867 2166 Diones
887 2094 953 2167 geht
974 2095 1015 2152 tm
1034 2098 1150 2152 wesem-

137 2179 229 2238 b'cbec
257 2182 395 2251 seruech,
424 2200 486 2242 ecce
514 2185 545 2241 ic
576 2185 628 2242 der
657 2183 788 2257 folyeeee't
813 2183 900 2240 ceder
927 2184 982 2240 dcc
1010 2185 1151 2256 cicentem

136 2270 213 2327 eines
238 2269 328 2342 jedeia
358 2271 479 2329 rcdecere
511 2289 717 2346 cnyecomeaec
749 2273 857 2330 werde.
904 2269 1016 2340 Quodsi
1048 2271 1149 2348 eliquo

136 2358 201 2416 loco
225 2357 261 2416 de
284 2359 429 2435 Dionysio
453 2364 574 2419 auctore
597 2362 725 2437 cogitari
747 2363 864 2435 nequit,
890 2379 950 2419 non
972 2363 1082 2419 temere
1106 2363 1150 2419 fa-

136 2464 201 2505 eere
224 2447 356 2523 uidebor,
383 2451 411 2508 si
432 2449 487 2508 ille.
510 2452 710 2525 antiquiorem
738 2452 851 2509 fontem
874 2450 1040 2508 redolentia
1066 2453 1149 2510 testi-

135 2537 236 2594 monia
260 2537 298 2596 ed
321 2535 483 2598 Caecilium
510 2539 685 2597 rettulerim.
709 2571 753 2578 —
777 2539 864 2608 Quod
887 2538 924 2596 ad
947 2540 1150 2616 fragmentum

137 2627 199 2685 139
225 2627 342 2701 attinet,
365 2647 424 2686 non
448 2628 545 2688 solum
567 2628 608 2702 id,
632 2627 711 2703 quod
729 2628 965 2687 Burehherdtius
987 2629 1149 2704 exscripsit,

136 2711 266 2774 Caecilio
289 2716 480 2776 tribuendum
503 2720 556 2792 est,
580 2718 630 2776 sed
653 2718 745 2775 etiam
769 2718 922 2791 sequentia
946 2717 1048 2792 uerba,
1073 2737 1149 2793 quae

135 2802 255 2878 docent,
279 2805 385 2880 quibus
413 2809 510 2864 causis
538 2806 725 2884 grauioribus
754 2806 874 2865 adducti
902 2805 934 2865 oi
959 2805 1149 2885 πρεσβύτεροι

134 2892 299 2952 orationem
318 2895 353 2952 de
372 2894 543 2955 Halonneso
558 2895 752 2955 Demostheni
771 2895 985 2972 abnegauerint
1004 2899 1033 2954 et
1051 2895 1148 2974 Hege-

134 2983 221 3058 sippo
254 2982 458 3059 attribuerint,
488 2985 584 3044 eidem
615 2985 691 3044 fonti
723 2986 751 3043 h.
781 3003 804 3043 e.
834 2984 962 3044 Caecilio
995 2985 1147 3044 debentur.

134 3069 208 3145 Hic,
244 3076 278 3130 ut
313 3075 376 3131 tam
408 3093 511 3149 saepe,
548 3074 674 3150 perbene
711 3074 812 3133 uidere
847 3091 1021 3149 possumus,
1058 3094 1149 3150 quam

134 3162 221 3220 acute
253 3164 283 3220 et
312 3163 463 3222 subtiliter
494 3167 596 3223 noster
624 3164 726 3222 rhetor
754 3163 866 3221 iudicis
896 3182 951 3222 sua
979 3164 1148 3240 protulerit.

206 3333 232 3398 1)
260 3331 415 3403 Hegesippi
442 3334 532 3388 oratio
558 3334 593 3388 de
618 3333 779 3388 Halonnesc
806 3334 896 3388 edidit
919 3334 944 3390 J.
958 3334 1009 3388 Th.
1024 3333 1149 3392 Voemel.

135 3406 212 3454 1833.
250 3403 448 3472 prolegomene
466 3423 493 3474 p.
512 3411 596 3474 22sq.

206 3475 233 3543 2)
260 3473 417 3530 Nonnullos
442 3475 489 3529 hic
516 3476 641 3546 appello:
668 3477 699 3528 A.
716 3475 848 3530 Schaefer
874 3477 1065 3531 Demosthenes
1089 3477 1149 3530 ced

132 3545 206 3598 seiae
224 3545 277 3598 ecit
293 3545 333 3598 11¹
348 3553 417 3600 1886
435 3565 463 3616 p.
479 3553 540 3614 441,
556 3554 582 3613 1:
603 3547 781 3601 Burckhcrdt
801 3549 837 3601 ad
856 3547 889 3601 fr.
907 3553 951 3615 18;
973 3547 1052 3600 Bluss
1072 3548 1148 3615 (uide

134 3615 230 3669 adnot.
249 3633 340 3671 mecm
360 3619 396 3672 ed
415 3618 448 3674 fr.
466 3623 539 3688 139);
559 3618 754 3673 Baccheis.
775 3637 800 3688 p.
819 3624 895 3672 1183.
