2666 3912
195 221 239 285 64
556 223 589 272 v.
609 222 696 270 HEPI
715 221 848 270 τψοιι

220 377 222 381 ’
263 372 310 438 84
328 380 371 433 Du
392 398 567 433 ινιιιιιιιτιτιι
585 386 641 433 111
662 398 688 449 p.
709 385 734 445 3,
755 385 787 433 12
806 379 853 432 V.:
881 378 947 448 ἡμῖν
975 375 1004 432 θ’
1032 379 1123 434 ἐκεῖνο
1151 382 1213 433 ιλια-

194 467 335 538 πορητέον
354 470 385 524 ἐν
404 470 488 539 ἀρχῇ,
515 469 545 524 εἰ
571 469 663 524 ἐστιν
688 467 798 538 ὐψους
823 487 874 530 τις
899 465 916 536 ἦ
942 466 1075 538 βάθους
1100 467 1213 537 τέχνη,

196 555 257 613 ἐπεί
281 577 373 622 τινες
398 557 480 620 όλως
505 557 614 612 οίονται
640 561 877 627 θιηπατῆσθαι
902 558 981 620 τούς
1005 555 1046 610 τόι
1069 563 1213 610 τοιαῦτα

195 648 342 718 όίγοντας
366 647 414 710 εἰς
436 646 576 717 τεχνικὰ
600 645 874 715 παραγγέλματα.
914 654 1099 715 ,γεννᾶται
1129 644 1211 713 γόρ“

169 734 264 805 σφησί
303 735 364 806 ,τὰ
396 738 593 806 μεγαλοφυῆ
626 736 683 788 καλ
716 736 754 789 οὐ
787 734 934 790 διδακτὰ
966 731 1214 803 παραγίνεται,

195 826 252 878 καλ
285 822 343 893 μία
375 823 474 895 τέχνη
506 825 591 892 πρὸς
623 823 708 878 αὐτὰ
741 824 776 877 τὸ
808 821 1015 888 πεφυκέναι·
1047 820 1148 893 χείρω
1180 843 1213 876 τε

194 913 234 967 τὰ
262 913 392 983 φυσικὰ
420 913 536 982 ἔργα“,
569 914 607 977 ὡς
634 912 755 978 οίονται,
790 913 868 982 ,καί
899 916 943 985 τῷ
971 912 1074 965 παντί
1102 909 1214 965 θειλό-

195 1023 274 1070 τερα
307 1001 517 1056 καθίσταται
549 1010 625 1063 ταῖς
656 999 895 1072 τεχνολογίαις
926 999 1214 1055 κατασκελετευό-

195 1093 309 1160 μενα“.
347 1094 384 1159 (2)
409 1092 461 1160 ἐγὼ
481 1091 513 1147 δὲ
532 1090 753 1162 ἐλεγχθήσεσθαι
771 1088 854 1144 τοῦθ’
878 1088 977 1158 ἑτέρως
996 1090 1059 1160 έχον
1078 1087 1164 1159 φημί,
1190 1089 1214 1144 εί

156 1194 182 1232 10
233 1179 414 1244 ἐπισκέψαιτό
434 1200 489 1247 τις,
516 1177 557 1234 ότι
580 1180 597 1249 ἡ
623 1181 736 1248 φύσις,
761 1179 869 1247 ὥσπερ
892 1179 932 1233 τὰ
955 1179 1062 1233 πολλὰ
1085 1180 1120 1235 ἐν
1143 1189 1215 1242 τοῖς

231 1273 442 1339 παθητικοῖς
459 1271 516 1324 καλ
536 1268 735 1341 θιῃρμένοις
753 1267 962 1336 αὐτόνομον,
980 1266 1085 1330 οὐτως
1099 1269 1151 1322 οὐκ
1166 1268 1213 1322 εἰ·

231 1356 332 1413 καῖόν
354 1378 385 1411 τι
408 1360 472 1412 κὰκ
495 1359 624 1420 παντὸς
641 1356 819 1426 ἀμέθοδον
839 1353 931 1412 εἶναι
950 1361 1059 1424 φιλεῖ,
1085 1358 1143 1412 καλ
1163 1355 1214 1410 ὅτι

232 1445 316 1516 αὐτη
340 1448 399 1516 μὲν
423 1446 557 1514 πρῶτόν
580 1467 611 1500 τι
634 1448 691 1500 καλ
715 1445 909 1518 ἀρχέτυπον
935 1444 1097 1515 γενέσεως
1123 1463 1214 1500 στοι-

231 1543 326 1605 χεῖον
351 1536 404 1590 ἐπὶ
423 1535 560 1589 πάντων
579 1534 784 1605 ὑφέστηκεν,
805 1534 855 1598 τὰς
874 1533 905 1588 δέ
924 1532 1080 1605 ποσότητας
1097 1536 1146 1590 καὶ
1164 1535 1214 1590 τὸν

174 1666 179 1675 ,
231 1620 278 1692 ἐφ’
300 1623 417 1678 ἑκάστου
441 1623 554 1692 καιρόν,
584 1625 624 1680 ἐτι
650 1624 681 1678 δὲ
702 1628 705 1693 Ι
726 1625 777 1694 τὴν
804 1623 1016 1693 ἀπλανεστοίτην
1042 1622 1160 1694 όσκησίν
1184 1645 1214 1680 τε

231 1714 279 1766 καλ
302 1721 401 1784 χρῆσιν
425 1713 508 1784 ἱκανὴ
531 1711 684 1782 παρορίσαι
702 1715 752 1766 καὶ
771 1721 947 1783 συνενεγκεῖν
966 1713 983 1782 ἡ
1003 1711 1140 1782 μέθοδος,
1165 1715 1213 1768 καὶ

232 1802 269 1864 ὡς
287 1800 528 1870 ἐπικινδυνότερα,
547 1803 619 1858 αὐτὰ
636 1799 684 1871 ἐφ’
697 1803 790 1856 αὐτῶν
805 1799 871 1874 θίχα
886 1802 1044 1871 ἐπιστήμης,
1063 1801 1214 1870 ὐστήρικτα

232 1891 279 1943 καλ
299 1890 486 1960 ἀνερμάτιστα
506 1891 642 1958 ἐαθέντα,
665 1891 700 1945 τόι
719 1891 838 1959 μεγόλα,
862 1891 909 1944 ἐπί
927 1891 998 1962 μόνῃ
1017 1899 1050 1962 τῇ
1070 1895 1146 1966 φορᾷ
1166 1891 1213 1944 καὶ

232 1980 342 2047 ἀμαθεῖ
363 1980 449 2052 τόλμῃ
473 1979 635 2048 λειπόμενα·
663 1982 708 2034 δεῖ
731 1979 784 2048 γὰρ
811 1981 920 2047 αὐτοῖς,
946 1981 984 2042 ὡς
1008 1979 1123 2049 κέντρου
1147 1983 1214 2032 πολ-

157 2083 169 2120 ι
232 2067 324 2135 λοίκις,
353 2067 424 2122 οὐτω
453 2067 484 2123 δέ
512 2069 560 2122 καί
588 2072 715 2140 χαλινοῦ·
750 2070 786 2136 (3)
807 2066 874 2134 ὅπερ
903 2067 956 2136 γὰρ
985 2067 999 2121 ό
1028 2066 1215 2138 Δημοσθένης

233 2160 322 2226 (xxm
338 2159 398 2225 113)
419 2156 465 2210 ἐπὶ
487 2164 537 2210 τοῦ
559 2165 656 2212 κοινοῦ
675 2165 731 2211 τῶν
750 2157 912 2224 ἀνθρώπων
931 2155 1122 2225 ἀποφαίνεται
1142 2155 1214 2228 βίου,

232 2244 361 2315 μέγιστον
381 2244 431 2314 μὲν
450 2240 523 2299 εἶναι
541 2254 597 2300 τῶν
616 2247 735 2315 ἀγαθῶν
754 2245 785 2298 τὸ
806 2247 946 2317 εὐτυχεῖν,
965 2247 1095 2313 θεότιμον
1115 2245 1146 2302 δὲ
1165 2248 1213 2300 καί

232 2335 284 2388 οὐκ
299 2334 412 2388 ἐλαττον
426 2334 457 2387 τὸ
473 2331 503 2388 εὐ
519 2335 713 2404 βουλεύεσθαι,
728 2332 795 2402 ὅπερ
810 2331 853 2396 οἶς
868 2332 904 2389 όιν
916 2334 952 2404 μὴ
963 2343 1039 2406 παρῇ
1050 2344 1216 2403 συναναιρεῑ

232 2423 345 2487 πόντως
367 2425 416 2478 καλ
438 2422 577 2490 θοίτερον,
600 2419 677 2477 τοῦτ’
699 2421 735 2476 ἂν
759 2425 807 2477 καί
831 2423 876 2477 ἐπὶ
896 2433 952 2479 τῶν
971 2423 1060 2493 λόγων
1080 2423 1214 2493 εἴποιμεν,

178 2554 182 2563 .
234 2514 271 2575 ὡς
291 2516 295 2584 λ
316 2513 333 2582 ἡ
358 2511 408 2582 μὲν
428 2513 512 2578 φύσις
530 2512 581 2581 τὴν
599 2519 649 2580 τῆς
668 2510 797 2584 εὐτυχίας
814 2511 895 2577 τοίξιν
915 2512 1019 2583 ἐπέχει,
1044 2512 1162 2583 ἡτέχνη
1182 2515 1214 2568 δὲ

232 2603 283 2671 τὴν
302 2611 351 2671 τῆς
370 2598 528 2672 εὐβουλίας·
553 2601 584 2654 τὸ
609 2599 640 2656 δὲ
664 2602 850 2668 κυριώτατον,
874 2599 916 2655 ότι
934 2603 983 2656 καλ
1002 2602 1070 2656 αὐτὸ
1089 2603 1120 2657 τὸ
1140 2598 1215 2656 εἷναί

233 2711 297 2745 τινα
319 2700 375 2744 τῶν
399 2691 429 2745 ἐν
453 2689 546 2758 λόγοις
569 2690 615 2744 ἐπί
639 2688 711 2762 μόνη
734 2710 767 2760 τη
792 2690 875 2758 φόσει
896 2692 947 2744 οὐκ
967 2690 1119 2746 ἄλλοθεν
1105 2689 1214 2761 ημᾶςῆ

232 2779 311 2847 παρὰ
333 2786 383 2848 τῆς
405 2777 503 2849 υέχνης
526 2779 661 2848 ἐκμαθεῖν
681 2782 735 2834 θεῖ·
763 2778 789 2833 εἰ
806 2775 906 2844 ταῦθ’,
930 2780 966 2841 ὡς
985 2779 1069 2849 ἐφην,
1093 2777 1213 2848 ἐπιλογί·

234 2886 312 2923 σαιτο
338 2864 410 2922 καθ’
432 2867 574 2922 ἑαυτὸν
561 2887 576 2920 ο
604 2877 676 2930 τοῖς
703 2845 1008 2938 χρηστομαθούσιν
1037 2869 1214 2937 ἐπιτιμῶν,

158 2971 184 3011 ιο
235 2954 320 3011 οὐκ
305 2977 341 3012 αν
361 2957 413 3022 ἐτι
437 2957 484 3024 μολ
507 2959 596 3024 δοκω,
618 2957 780 3025 περιττὴν
803 2955 901 3010 now
884 2974 1053 3026 αχρηστον
1076 2956 1198 3025 τὴνέπ
1204 2959 1214 3010 λ

233 3055 296 3099 τῶν
314 3043 550 3113 προκειμένων
568 3045 702 3114 ἡγήσαιτο
721 3043 883 3111 θεωρίαν.

270 3309 377 3379 ὐφασί
395 3311 502 3365 Manut'
482 3315 547 3378 ίιιιε,
567 3333 606 3382 φη
609 3330 636 3366 σι
653 3311 733 3366 liber.
832 3318 865 3366 25
880 3311 1015 3379 φόσις-
1035 3317 1067 3364 31
1087 3311 1214 3380 θεωρίαν

199 3400 252 3437 om.
272 3383 352 3450 liber,
375 3383 474 3450 ‚edidit
492 3384 599 3452 primus
618 3383 725 3437 Tollius
745 3399 779 3436 ex
797 3384 893 3437 codiee
913 3383 1061 3448 Vaticano,
1081 3382 1216 3470 legunbur

198 3454 228 3507 in
247 3471 265 3508 ιι
284 3455 354 3523 (οοό.
374 3425 568 3523 'Vatioanoeb‘
587 3455 657 3524 (cod.
678 3455 824 3524 Parisino)
920 3460 952 3506 26
981 3456 1152 3522 κυριώτατον
1173 3452 1213 3509 ότι

198 3525 342 3592 Peneius,
368 3525 569 3593 κύριότατόντε
588 3527 632 3579 ab.
741 3527 814 3579 28
799 3547 836 3588 ως
855 3525 937 3596 έφην]
962 3525 996 3579 cf
1016 3543 1100 3594 supra
1118 3544 1145 3579 u.
1166 3531 1214 3580 9s.

200 3603 232 3652 31
252 3569 386 3666 ἡγήσαιτο
403 3598 544 3665 Βοίιὶοιιι,
563 3598 759 3662 ειεισαιτού,
777 3595 923 3664 κομίσαιτο
943 3613 968 3650 ο.
