2664 3906
275 228 337 277 XII.
357 227 511 276 ΕΚΛΟΓΗ
528 224 680 283 ΛΕΞΕΩΝ
697 228 794 278 ΚΑΤΑ
811 228 1012 279 ΣΤΟΙΧΕΙΟΝ
1089 226 1150 290 157

135 403 163 454 p.
180 390 258 451 1120,
273 391 307 438 29
322 384 391 445 W.):
418 387 581 452 διωμοςία
605 389 650 439 καί
673 387 879 451 ἀντωμοςία·
904 389 972 440 ὅταν
993 387 1018 440 οἱ
1037 404 1155 454 κατηγο-

136 480 253 542 ροῦντες
280 475 432 541 ὀμνύωςιν,
461 477 500 528 ὡς
527 475 640 542 ἀληθῶς
667 480 866 542 κατηγοροθςι,
894 481 980 529 τοῦτο
1009 476 1153 542 διωμοςία·

137 565 207 618 ὅταν
231 566 261 618 δέ
284 564 311 617 οί
334 566 572 631 κατηγορούμενοι
596 565 717 629 ὀμνύωςι
739 565 790 618 τὸν
814 566 901 618 αὐτὸν
925 567 1022 632 ὅρκον,
1047 566 1156 618 διαλυό-

135 669 215 718 μενοι
233 653 268 706 τὰ
287 653 454 720 ἐγκλήματα,
473 658 558 706 τοῦτο
578 653 743 719 ἀντωμοςία.

210 766 307 821 Swms
323 767 368 835 (cf.
383 766 436 820 lex.
452 766 478 820 S.
494 770 585 835 quart.
599 786 627 836 p.
640 773 699 835 185,
709 773 742 820 32
758 770 787 822 εί
800 768 853 821 lex.
865 768 890 822 S.
906 769 995 836 quint.
1011 787 1038 837 p.
1050 774 1109 834 241,
1122 774 1155 822 16
1183 783 1195 823 ο

137 859 167 910 et
181 855 295 926 (ἔταροι.
312 856 435 909 Corinth.
451 864 492 910 vn
507 862 522 909 2
537 875 565 925 p.
578 862 654 923 1121,
671 863 686 909 6
701 856 769 927 W.):
785 859 984 924 δοκιμαςίαν
999 859 1156 923 ἐπαγγεῖ-

135 949 202 999 λαι·
226 947 260 999 τὸ
284 946 364 1013 δίκην
387 947 553 1014 ἑταιρήςεώε
576 963 637 1000 τινα
661 951 844 1011 καταγγεῑλαι.
881 948 986 1012 γίνεται
1010 949 1040 1000 δέ
1063 950 1081 1014 ἡ
1104 952 1156 1014 τῆς

136 1035 304 1102 έταιρήςεως
324 1035 466 1101 δοκιμαςία
485 1037 518 1088 οὐ
538 1040 627 1102 πᾱςιν,
650 1037 718 1089 ἀλλὰ
737 1038 961 1109 πολιτευομένοις
980 1037 1093 1103 ῥήτορςι
1111 1039 1156 1089 καί

137 1125 303 1191 ψηφίςματα
322 1125 467 1192 γράφουςι.

138 1262 140 1268 v
210 1238 275 1292 Lux.
295 1257 316 1292 s.
337 1258 425 1299 ονιυτ.
445 1257 472 1308 p.
492 1245 553 1305 242,
573 1245 602 1290 3:
626 1242 708 1308 δρον
727 1242 845 1307 φέρειν
865 1242 918 1295 διὰ
936 1245 997 1307 τῆς
1016 1244 1154 1307 ἀγορᾶς·
1171 1256 1196 1295 ιο

135 1330 170 1382 τὸ
194 1331 261 1382 τοὺς
284 1329 561 1396 ἀπελευθερωθέντα(
584 1331 703 1384 δούλους
726 1331 770 1383 καί
795 1330 895 1383 ἄλλους
920 1331 1074 1396 βαρβάρου(
1093 1331 1156 1383 κλά-

137 1419 189 1471 δον
217 1418 302 1484 δρυὸς
329 1419 443 1472 ἕκαςτον
472 1419 517 1472 διὰ
542 1422 592 1484 τῆς
618 1421 722 1485 ἀγορᾶς
747 1419 778 1471 ἐν
803 1425 837 1486 τῇ
863 1423 923 1471 τῶν
947 1419 1156 1485 Παναθηναίων
1266 1491 1272 1506 ¹

136 1507 222 1574 ἑορτῇ
242 1507 347 1574 φέρειν.

209 1622 275 1676 Ιιπις.
299 1641 320 1675 s.
345 1641 432 1682 οντιιτ.
457 1641 484 1691 p.
510 1627 575 1688 240,
599 1627 632 1675 32
657 1621 702 1690 (cf.
726 1621 779 1675 lex.
805 1621 830 1675 S.
855 1624 945 1690 qum.
964 1641 992 1691 p.
1014 1628 1078 1688 186,
1099 1625 1155 1693 14);

139 1712 346 1778 δωροξενίας
360 1712 447 1778 δίκη·
464 1712 541 1778 δίκης
555 1711 691 1777 είςαγωγὴ
706 1712 777 1778 πρὸς
790 1713 842 1764 τὸν
851 1712 988 1783 κριθένίτα
998 1713 1095 1780 ξενίας,
1111 1714 1156 1766 δό-
1171 1718 1221 1767 241

137 1804 224 1854 Ξαντα
235 1803 271 1866 μή
283 1801 394 1855 δικαίως
405 1801 632 1867 ἀποπεφευγέναι
645 1801 689 1853 διὰ
698 1801 731 1852 τὸ
742 1802 934 1868 δωροδοκῆςαι
942 1804 1009 1854 τοὺς
1020 1803 1154 1856 δικαςτάς.
1171 1818 1195 1856 ιο

212 1914 322 1969 Svms:
347 1919 493 1981 ἔγγειον·
520 1916 547 1968 ’ὁ
571 1917 602 1969 δέ
626 1917 838 1982 κατεκληρούχει
859 1919 911 1982 τὴν
931 1919 1037 1984 χώραν,
1063 1919 1156 1971 διδοὺς

138 2005 245 2074 ἐκάςτῳ
264 2006 426 2059 ταλάντειον
445 2008 561 2072 κλῆρον,
583 2005 675 2058 οὕτως
693 2006 899 2070 ὑπολαμβάνων
918 2009 1013 2071 ςτῆναι
1032 2008 1067 2059 τὰ
1086 1997 1156 2060 κατὰ

137 2096 192 2160 τὴν
210 2095 304 2161 πόλιν,
328 2095 538 2162 προςδεθέντων
561 2098 619 2147 τῶν
639 2096 797 2160 ἀνθρώπων
815 2100 874 2147 ταῖς
894 2095 1010 2158 ἐγγείοις
1028 2095 1155 2160 κτήςεςι’.

126 2184 212 2257 ,τινές
231 2184 275 2236 ἐπί
293 2188 344 2237 τοο
364 2184 513 2251 ἐγγυτέρω.
546 2185 599 2250 οὐχ
618 2184 709 2236 οὕτως
728 2185 758 2236 δέ
778 2183 805 2237 οἱ
822 2184 939 2250 ῥήτορες
958 2185 1078 2250 ἐταςςον,
1098 2184 1157 2237 ἀλλ’
1171 2199 1196 2238 20

138 2272 209 2325 ὅταν
234 2272 267 2324 τὸ
293 2273 323 2324 ἐν
348 2277 384 2340 γῇ
411 2273 509 2325 θέλωςι
535 2273 662 2339 δηλωςαι,
689 2273 728 2325 ως
750 2273 931 2338 Δημοςθένης
957 2273 987 2325 ἐν
1011 2278 1053 2340 τῷ
1078 2274 1156 2340 Πρὸς

141 2361 324 2428 Ἀπατούριον
344 2363 455 2430 (XXXIII
470 2361 496 2430 3)
517 2361 580 2414 ‘ot’sx
600 2363 682 2414 ὄντος
702 2362 762 2426 ἐμοί
779 2361 850 2427 πρὸς
865 2366 981 2427 τοῦτον,
1006 2363 1072 2414 οὔτε
1090 2379 1156 2414 ναυ-

137 2455 217 2503 τικοῦ
243 2451 310 2503 οὔτε
335 2449 445 2514 ἐγγείου
471 2450 659 2515 ςυμβολαίου’.
698 2452 743 2502 καί
765 2450 864 2503 Λυςίας
889 2448 931 2518 (ίι.
953 2454 1003 2502 266
1023 2449 1102 2515 Tur.;
1122 2455 1154 2502 91

137 2536 251 2607 Thalh.)
267 2538 330 2592 ‘100
346 2540 434 2604 νόμου
451 2539 615 2592 κελεύοντος
628 2540 695 2591 τοὺς
711 2539 877 2605 ἐπιτρόπους
890 2544 949 2592 τοῖς
963 2539 1099 2606 ὀρφανοῖς
1113 2541 1156 2603 ἐγ-

138 2644 216 2690 γειον
230 2630 283 2693 τὴν
298 2627 392 2680 οὐςίαν
407 2628 577 2694 καθιετάναι,
595 2628 678 2681 οὖτος
692 2629 723 2680 δέ
737 2629 884 2680 ναυτικοὺς
898 2628 970 2692 ἡμᾶς
985 2627 1155 2695 ἀποφαίνει’.
1171 2643 1196 2682 τε

212 2741 277 2795 Lnx.
298 2760 319 2794 s.
340 2760 427 2801 ονπιτ.
448 2760 475 2810 p.
496 2746 605 2808 25017
626 2741 670 2812 (cf.
690 2741 743 2793 lex.
760 2740 785 2795 S.
801 2743 892 2809 quart.
907 2760 935 2810 p.
951 2746 1011 2808 187,
1027 2744 1083 2812 24);
1104 2744 1156 2808 ἐγ-

138 2831 254 2897 γενής·
274 2833 290 2884 ὁ
310 2833 391 2885 ἀετὸς
410 2833 438 2886 ἐξ
457 2833 548 2885 ἀετῶν
568 2832 683 2897 ἐγγενὴς
702 2835 829 2885 καλεῖται.

213 2945 277 2999 λιιι.
297 2965 319 2998 s.
340 2964 434 3005 ονειιτ.
453 2964 480 3014 p.
502 2951 561 3012 187,
583 2952 628 3000 12:
651 2949 824 3015 ἐγγυήςαι·
849 2949 917 3001 &mv
935 2965 977 3002 τις
995 2948 1157 3015 κρινόμενος

138 3036 266 3104 παράςχῃ
286 3037 388 3088 δοθλον
407 3036 469 3089 ἀνθ’
487 3038 590 3089 έαυτοθ
608 3040 808 3103 τιμωρηθῆναι.

213 3149 278 3203 Lux.
299 3168 320 3203 ε.
336 3169 424 3210 φνιυτ.
439 3168 466 3218 p.
483 3155 543 3218 260,
559 3157 587 3204 4:
607 3153 802 3218 ἐγκτήματα
822 3153 1002 3219 κτημάτων
1016 3155 1153 3220 διαφέρει·
1170 3167 1195 3207 80

141 3238 268 3305 κτήματα
292 3239 342 3304 μέν
366 3240 449 3308 ἐςτιν,
473 3239 491 3293 ἃ
515 3241 606 3306 ἐχουςί
623 3257 696 3294 τινες
715 3241 745 3293 ἐν
763 3247 798 3309 τῇ
818 3240 904 3310 οἰκείᾳ
923 3247 972 3310 γῇ,
999 3242 1156 3308 ἐγκτήματα

140 3328 180 3394 δέ,
200 3327 224 3380 εί
243 3328 273 3380 ἐν
292 3328 421 3396 ἀλλοτρίᾳ
439 3335 475 3398 γῇ
494 3332 546 3382 τινί
565 3330 689 3396 ὑπάρχει.
726 3345 730 3352 ·

214 3449 283 3496 6-9
303 3442 337 3496 cf.
357 3461 383 3511 p.
405 3449 465 3510 τοι,
485 3450 598 3498 το-τι,

214 3608 247 3657 18
266 3607 446 3660 ταλαντιαῖον
464 3604 637 3673 Bernhardy.
711 3611 744 3658 20
764 3603 835 3659 οὕτω
854 3605 928 3660 libn‘.
