2666 3910
254 220 289 270 11.
311 220 396 268 ΠΕΡΙ
414 219 592 269 ΙΣΤΟΡΙΑΣ.
630 220 680 269 ΙΙΙ.
700 219 825 268 ΤΕΧΝΗ
843 219 1030 268 ΡΗΤΟΡΙΚΗ
1138 213 1159 280 3

636 449 669 514 ΙΙ

428 614 565 686 ΠΕΡΙ
601 612 874 688 ΙΣΤΟΡΙΑΣ

211 789 230 854 2
253 789 300 876 (=
320 791 357 854 fr.
377 790 397 854 2
421 787 510 854 ΒΗΘ
533 795 580 854 III
603 789 682 872 3303
708 789 749 852 51
775 787 1022 876 B[urckhardl])
1045 792 1160 856 Arnu-

142 915 255 962 Nnnvs
284 903 326 960 XI
353 920 383 980 p.
407 897 514 960 466a:
549 899 719 961 Κεκίλιος
752 900 788 961 οὲ
821 897 839 960 ὁ
871 897 996 977 ῥήτωρ
1034 899 1052 962 ὁ
1086 899 1160 964 ἀπὸ

144 1008 263 1084 Καλῆς
288 1005 400 1082 ἀκτῆς
426 1005 464 1068 ἐν
487 1011 538 1089 τῷ
562 1005 656 1083 Περὶ
679 1005 848 1082 ἱςτορίας
867 1005 1065 1081 Ἀγαθοκλέα
1084 1008 1160 1086 φηςὶ

141 1114 200 1176 τὸν
222 1114 384 1190 τύραννον
408 1113 581 1189 ἐκπώματα
610 1115 710 1190 χρυςᾶ
738 1112 960 1176 ἐπιδεικνύντα
983 1117 1050 1177 τοῖς
1075 1114 1158 1177 ἑταί-

143 1240 210 1298 ροις
233 1220 375 1299 φάςκειν,
399 1219 431 1285 ἐξ
456 1218 502 1282 ὧν
527 1218 716 1297 ἐκεράμευςε
740 1221 1002 1306 κατεςκευακέναι
1025 1225 1134 1294 ταῦτα.
1185 1235 1198 1276 ⁵

210 1421 230 1486 3
252 1429 356 1482 Srnrno
376 1437 387 1482 1
407 1436 430 1497 1,
450 1434 484 1482 23
503 1447 530 1497 p.
552 1435 597 1482 13:
632 1430 755 1497 καθάπερ
782 1434 827 1484 καί
853 1432 883 1484 ἐν
908 1437 967 1485 τοῖς
993 1435 1159 1486 κολοτςικοῖς

142 1521 232 1586 ἔργοις
255 1521 289 1573 οιί
313 1521 346 1572 τὸ
370 1519 432 1572 καθ’
450 1521 565 1572 ἕκαςτον
587 1521 697 1586 ἀκριβὲς
716 1522 854 1586 Ζητοιλμεν
874 1523 942 1574 ἀλλὰ
960 1527 1019 1574 τοῖς
1038 1521 1159 1574 καθόλου

141 1610 311 1674 προςέχομεν
338 1611 441 1672 μᾶλλον
468 1607 490 1661 εἰ
516 1612 607 1661 καλῶς
633 1609 666 1661 τὸ
695 1609 768 1674 ὅλον,
795 1609 887 1661 οὕτως
910 1611 962 1663 κάν
985 1611 1096 1662 τούτοις
1119 1613 1160 1664 δεῖ

141 1702 274 1751 ποιεῖτθαι
292 1699 345 1763 τὴν
364 1697 456 1763 κρίτιν.
496 1697 693 1763 κολοςςοιιργία
711 1698 764 1764 γάρ
782 1714 824 1751 τις
843 1701 888 1751 καὶ
907 1699 978 1765 αὕτη
999 1701 1034 1752 τὰ
1054 1699 1159 1764 μεγάλα

141 1788 285 1853 φράζουςα
307 1791 368 1839 πῶς
392 1788 446 1852 ἔχει
470 1789 515 1839 καὶ
537 1787 574 1839 τὰ
597 1788 661 1853 ὅλα,
685 1788 758 1853 πλὴν
783 1787 807 1839 εἴ
829 1804 855 1839 τι
875 1793 958 1840 κινεῖν
978 1789 1094 1841 δύναται
1114 1792 1158 1841 καλ
1174 1795 1199 1835 10

140 1881 199 1929 τῶν
219 1880 323 1942 μικρῶν
342 1877 392 1928 τὸν
411 1875 594 1942 φιλειδήμονα
614 1878 659 1928 καὶ
677 1876 728 1928 τὸν
746 1877 946 1942 πραγματικόν.

212 2035 247 2088 cf.
267 2035 300 2088 fr,
322 2041 380 2088 151.
418 2035 471 2088 hoc
490 2033 612 2088 Caecilio
631 2033 733 2088 tribur
751 2034 856 2086 Kirnnr
875 2033 892 2087 l.
914 2052 981 2104 sp.
999 2041 1048 2088 131
1061 2052 1080 2090 s.

381 2555 581 2628 TEXNH
613 2554 915 2630 PHTOPIKH

208 2729 366 2806 QVINTIL.
394 2731 467 2796 inst.
497 2753 540 2795 or.
564 2737 610 2794 III
638 2735 668 2814 l,
694 2730 748 2794 15:
781 2731 1022 2815 Theophrastus
1052 2783 1058 2794 .
1084 2785 1089 2794 .
1118 2732 1157 2797 de

140 2835 299 2901 rhetorice
319 2838 489 2923 diligenter
507 2839 635 2922 scripsit
734 2836 806 2924 (16)
830 2837 907 2902 fecit
930 2839 1043 2903 deinde
1066 2839 1157 2903 uelut

138 2945 302 3027 propriam
321 2943 535 3030 Hermagoras
559 2946 654 3028 uiam,
679 2967 775 3028 quam
798 2944 929 3028 plurimi
950 2949 1025 3008 sunt
1045 2945 1155 3009 seculi.

140 3051 192 3114 cui
206 3052 344 3115 maxime
358 3057 526 3135 paratque
541 3053 685 3116 aemulus
701 3051 829 3116 uidetur
842 3050 1028 3116 Athenaeus
1047 3052 1155 3116 fuisse.
1171 3072 1196 3113 ιι

140 3159 241 3221 mulla
272 3161 347 3241 post
377 3155 572 3241 Apollonius
604 3158 729 3243 Melon,
766 3160 868 3222 mulla
899 3159 1016 3241 Areus,
1053 3159 1156 3223 multa

140 3261 332 3328 Caecilius
356 3269 387 3327 et
409 3263 657 3330 Halicarnassus
680 3265 865 3349 Dionysius.

207 3370 378 3434 SYRIANVS
388 3368 655 3462 Schol.Herm0g.
665 3372 707 3436 id.
717 3371 1154 3458 p.11,3Rabe(=fr.48B.):

139 3475 251 3560 ἐπειδὴ
276 3473 312 3541 δὲ
336 3479 372 3542 τὸ
395 3487 453 3560 τῆς
472 3477 664 3562 διαιρέσεως
687 3481 792 3562 ὄνομα
810 3485 948 3555 πολλαῖς
967 3479 1155 3563 ῥητορικοῖς

139 3583 293 3669 ἁρμόττει
316 3585 456 3668 τέχναις,
480 3596 551 3661 ταῖς
573 3608 608 3649 τε
630 3583 706 3670 περὶ
729 3596 797 3650 τῶν
820 3588 920 3651 εἰδῶν
942 3596 999 3668 τῆς
1023 3585 1152 3669 ῥητορι-
1168 3605 1194 3644 ιο

959 3688 992 3740 1*
