2666 3912
170 233 233 297 126
265 237 326 288 VII.
346 237 434 287 ΠΕΡΙ
451 237 526 288 ΤΟΤ
544 237 786 288 ΧΑΡΑΚΤΗΡΟΣ
803 235 878 288 ΤΩΝ
896 236 992 286 ΔΕΚΑ
1009 235 1182 287 ΡΗΤΟΡΩΝ

169 395 211 449 οἷς
235 397 350 462 μάλιςτα
368 397 550 462 Δημοςθένης
573 398 660 464 χαίρει
683 399 833 464 χρώμενος.
871 397 939 449 ἀλλὰ
963 399 1008 448 καλ
1026 398 1043 462 ἡ
1064 397 1186 449 ςύνθεςις

168 485 298 549 ἐπιμελὴς
321 488 366 538 καὶ
388 487 441 552 την
465 486 609 553 ἐνάργειαν
632 491 673 554 τῷ
697 486 790 555 κόςμῳ
814 487 847 538 οὐ
872 485 1081 552 διαφθείρουςα,
1106 485 1184 538 αἵτε

166 574 292 639 περίοδοι
314 579 355 642 τῷ
379 574 573 644 ἀπηρτιςμένιρ
597 576 779 641 ςυναγόμεναι
799 577 843 627 καλ
861 575 893 627 τό
913 575 1022 640 πρέπον
1040 577 1186 640 πανταχοῦ

167 663 338 717 διαςώζουςι.
381 664 415 716 τό
444 666 494 729 μέν
522 665 573 716 οὖν
601 665 721 730 μηδενὸς
749 663 889 729 φείδεςθαι
918 664 1080 728 ςυνθέςειυς,
1114 662 1187 715 ἀλλά

141 751 259 804 στάντα
278 753 434 819 διειλῆφθαι
452 754 592 821 περιόδοις
610 754 665 806 έςτι
685 754 735 819 μέν
750 752 918 819 Ἰςοκράτους
937 754 981 804 καλ
995 751 1095 804 Λυςίου
1114 751 1186 816 πρὸς

167 841 351 908 Δημοςθένην
370 842 476 894 κοινόν·
501 844 518 908 ἡ
544 843 575 895 δέ
598 843 668 894 κατὰ
690 842 741 895 τὰς
763 841 911 908 περιόδους
934 841 965 892 ἐν
983 846 1042 893 τοῖς
1061 840 1185 906 μεγέθεςι

167 930 286 984 ποικιλία
310 934 505 997 ςυμπληροθςα
527 931 562 983 τὰ
586 933 663 984 κῶλα
686 932 880 997 λαμβανομένη
900 932 953 995 τὴν
971 929 1042 994 πρὸς
1061 927 1185 981 ἐκείνους

168 1019 308 1085 διαφορὰν
331 1020 527 1087 ἀπεργάζεται,
553 1025 604 1073 τοι]
625 1021 674 1085 μέν
694 1019 862 1086 Ἰςοκράτους
881 1021 919 1072 ὡς
938 1018 1080 1070 τὰπολλὰ
1099 1017 1187 1083 μηκύ-

167 1124 267 1161 νοντος
291 1110 344 1175 την
371 1108 499 1175 έργαςίαν
525 1110 631 1175 αὐτῶν,
657 1113 708 1162 τοῦ
733 1110 763 1162 δέ
787 1108 887 1162 Λυςίου
914 1108 1126 1171 ςυντέμνοντος·
1156 1105 1187 1159 ἐξ

128 1209 154 1248 ιο
168 1197 301 1263 ἑκατέρου
321 1198 352 1251 δέ
369 1187 480 1251 τούτων
498 1202 540 1266 τῷ
559 1200 731 1264 Δημοςθένει
748 1199 782 1251 τό
801 1199 909 1264 πρέπον
928 1198 1097 1250 διαςώζεται.

240 1324 293 1373 8ου
312 1319 347 1374 cf.
367 1320 399 1375 fr.
421 1326 481 1388 128,
501 1326 580 1375 13⁸⁸.

239 1408 293 1463 hoc
320 1409 458 1463 iudicium
486 1409 640 1464 Caecilium
668 1411 812 1464 auctorem
839 1409 944 1464 habere
964 1407 1087 1462 'Sumo
1116 1406 1134 1459 l.
1163 1424 1185 1459 s.

168 1515 195 1566 p.
212 1502 281 1551 1664
292 1517 313 1565 s,
333 1497 459 1552 Vsuuuuo
474 1502 503 1554 οδ
516 1499 739 1552 Rmuumcuuuo
754 1499 783 1552 in
799 1496 841 1552 ed.
858 1497 971 1565 Dionys.
987 1497 1050 1550 Hal.
1065 1505 1077 1550 I
1090 1515 1117 1564 p.
1134 1501 1187 1549 294

167 1585 294 1654 uidetut3
314 1588 348 1641 cf.
369 1589 455 1642 etium
474 1588 560 1641 Bmss
579 1588 597 1641 1.
618 1607 638 1642 s.
658 1596 692 1642 III
711 1595 726 1640 2
746 1606 773 1656 p.
790 1592 870 1653 189⁵,
891 1592 906 1639 2
926 1588 955 1640 οδ
972 1595 1007 1640 ΠΙ
1026 1592 1040 1639 1
1060 1603 1088 1653 p.
1104 1591 1166 1638 ἔνθα.

254 1756 345 1823 *145
361 1765 490 1820 anuvs
505 1770 702 1838 argumentum
716 1765 885 1837 [Demosth]
900 1781 939 1819 or.
949 1772 1036 1818 XXXI
1051 1763 1187 1817 aduersus

205 1853 348 1908 hauritum
366 1873 393 1924 p.
415 1861 466 1909 923
485 1856 532 1911 II:
559 1857 610 1911 οόιι
631 1856 725 1924 ὀρθῶς
744 1854 776 1910 δέ
793 1873 884 1917 τινες
903 1850 1037 1921 ἐνόμισαν
1054 1851 1113 1906 τὸν
1132 1847 1187 1905 λό-

205 1962 265 2012 γον
288 1944 329 2013 μὴ
353 1945 495 2014 γνήσιον
519 1941 624 2013 εἶναι,
647 1947 784 2014 ἀμυδροῖς
807 1942 1001 2012 ἀπατηθέντος
1018 1937 1187 2009 τεκμηρίοις.

204 2031 240 2086 τό
260 2031 311 2100 μὲν
329 2033 382 2102 γὰρ
405 2043 463 2103 τῆς
486 2033 640 2103 φράσεως
663 2032 846 2101 ἀνειμένον
870 2033 922 2086 οόιι
941 2031 1091 2098 ἀπρεπὲς
1109 2031 1187 2084 ἰδιω-

130 2133 156 2174 ιο
205 2130 296 2184 τιποῑς
323 2123 424 2191 ἀγῶσι,
448 2123 508 2177 τόν
536 2121 571 2178 δέ
600 2121 682 2177 ςΔία
708 2121 767 2176 τόν
794 2121 942 2176 ἀνακτα’
972 2122 1026 2188 (40)
1041 2118 1118 2172 ,κατὰ
1135 2119 1188 2186 τὴν

204 2218 254 2263 τοῦ
277 2212 429 2278 προσώπου
451 2220 501 2267 τοῦ
523 2210 708 2281 ὑποκειμένου
728 2211 884 2279 συνήθειαν
903 2206 986 2279 δῆλός
1005 2209 1079 2263 ἐστιν
1103 2209 1188 2261 ὠνο-

205 2301 331 2368 μακώς,
371 2300 456 2367 πρὸς
497 2302 532 2356 δέ
568 2301 630 2369 τὴν
666 2298 898 2369 παραγραφὴν
935 2295 1188 2363 ἀσθενέστερον

205 2385 379 2456 ἀπήντηκε
399 2387 448 2443 διὰ
466 2388 497 2443 τό
516 2399 631 2460 πρᾶγμα
648 2387 680 2445 τὸ
698 2385 833 2459 πονηρόν.

240 2511 307 2566 υἱόο
326 2513 501 2582 prooemium
519 2533 546 2583 p.
565 2523 640 2568 XXX.

254 2682 345 2749 *146
370 2691 498 2745 meuvs
523 2688 719 2762 argumentum
739 2689 908 2762 [Demosth]
934 2705 972 2742 or.
992 2695 1065 2742 LVIII
1089 2688 1189 2740 contra

131 2791 156 2831 ιο
207 2778 390 2834 Theocrinem
409 2798 436 2849 p.
454 2785 521 2833 1321
542 2781 587 2836 II:
612 2789 734 2835 τοῦτον
757 2780 815 2834 τὸν
839 2775 939 2849 λόγον
963 2777 1013 2830 οάκ
1033 2771 1089 2830 οἷδ’
1112 2774 1188 2837 ὅπως

208 2868 243 2922 ἐν
269 2878 343 2932 τοῖς
375 2870 567 2933 ἰδιωτικοῖς
598 2870 813 2941 ἀναγράφουσιν
843 2867 874 2923 οἱ
902 2867 1021 2922 πολλοὶ
1053 2861 1189 2933 δημόσιον

209 2956 277 3012 ὄντα
296 2967 435 3027 φανερῶς·
458 2963 544 3028 δῆλον
562 2958 593 3014 δὲ
608 2959 684 3014 ἔσται
702 2968 783 3013 τοῦτο
798 2957 826 3022 έξ
846 2957 933 3024 αὐτῆς
950 2962 1000 3023 τῆς
1018 2953 1187 3014 ὑποθέσεως.

243 3046 319 3100 idem
338 3047 444 3116 (paullo
463 3048 561 3117 infra):
584 3048 643 3102 τὸν
667 3047 697 3103 δὲ
721 3045 820 3117 λόγον
843 3045 874 3101 οἱ
892 3045 1011 3099 πολλοὶ
1030 3040 1190 3111 νομίζουσιν

172 3131 263 3189 εἶναι
282 3135 490 3208 Δεινάρχου,
509 3135 624 3192 καίτοι
642 3157 677 3205 γε
692 3138 752 3193 οὐκ
767 3132 956 3191 ἀπεοικότα
969 3141 1034 3186 τῶν
1048 3139 1106 3185 τοῦ
1121 3137 1189 3198 Δη-

130 3237 155 3276 νσ
170 3223 369 3292 μοσθέυους.

241 3347 307 3402 uide
326 3350 500 3418 prooemium
518 3370 545 3421 p.
565 3359 640 3405 XXX.

240 3517 308 3586 147
328 3528 450 3582 Puomvs
468 3529 536 3583 bibl.
557 3531 617 3584 uod.
638 3535 690 3584 265
709 3548 737 3598 p.
757 3533 822 3582 492·
841 3531 887 3580 23:
912 3529 955 3579 καλ
974 3526 1026 3578 τόν
1045 3524 1119 3577 Κατὰ
1139 3523 1189 3575 Νε-

173 3615 251 3681 αίρας
270 3618 300 3670 δέ
319 3619 403 3683 λόγον
422 3620 590 3686 ὑπτιότητός
608 3637 699 3674 τινες
718 3619 875 3684 αἰτιώμενοι
893 3620 951 3668 τῶν
971 3615 1189 3678 Δημοςθενικῶν
