2664 3906
280 241 342 290 σαι.
361 239 515 290 mom
533 236 684 293 Ant-:mii
701 238 798 288 κατι
816 238 1016 289 ΣτοιΧΕιοιι
1089 234 1152 298 187

140 399 317 465 καλύψαντες
343 400 379 452 τὰ
408 400 480 452 ὅπλα
509 399 581 451 τέως
611 396 817 464 ἐςκεπαςμένα’.
860 401 905 451 καλ
933 398 1011 450 αὖθις
1040 396 1096 450 ’καὶ
1122 398 1160 449 δι·

140 489 255 554 έφθειρε
277 487 344 539 τοὺς
366 487 437 539 τέως
455 484 655 552 νενικηκότας’.
694 487 738 537 καὶ
757 483 900 555 <Λυςίας>
920 486 950 538 ἐν
968 492 1003 554 τῇ
1023 485 1160 553 ἀπολογίᾳ

139 581 193 643 τῆς
216 574 388 641 δωροδοκίας
412 573 520 641 (Lysias
538 581 596 626 XXI
616 574 659 641 19)
683 573 792 640 ’δέομαι
811 575 890 639 ὑμῶν
909 575 961 640 τήν
981 575 1071 641 αὐτήν
1089 576 1160 638 γνώ-

141 682 198 732 μην
221 666 284 730 περὶ
307 664 375 728 ἐμοῦ
400 665 472 730 ἔχειν
494 665 538 716 καί
557 663 588 715 ἐν
605 668 647 730 τῷ
665 662 757 716 τέως’.
795 665 840 716 καί
859 663 890 715 ἐν
907 669 949 731 τῷ
968 665 1072 732 πρώτῳ
1091 664 1161 730 Περὶ

139 759 194 807 τοι)
218 753 417 816 Δικαιογένους
440 753 544 819 κλήρου
565 751 636 820 (Lys.
656 749 689 802 fr.
706 755 740 803 35
760 749 838 818 Tur.;
858 756 892 803 24
907 750 1018 820 Thalh.)
1039 752 1161 806 ‘Aixaio-
1188 765 1201 805 5

139 844 226 909 γένης
245 843 276 896 δέ
294 843 365 895 τέως
385 843 434 907 μέν
454 843 521 909 ᾤκει
538 840 604 907 παρ’
622 843 701 908 ἡμῖν,
728 842 899 907 δοκιμαςθείς
923 842 953 895 δέ
973 841 1078 908 έγημε’.
1116 844 1162 894 καὶ

140 933 189 986 ἐπὶ
206 937 257 985 τοθ
278 932 308 984 ἐν
326 932 459 999 τοςούτῳ.
499 929 590 983 Ἰςαῑος
609 930 639 982 ἐν
658 935 698 997 τῷ
718 929 796 995 Πρὸς
814 930 941 994 Λυςίβιον
965 928 1007 998 (fr.
1028 934 1063 984 90
1082 929 1161 995 Tum

142 1025 178 1073 25
193 1019 304 1088 Thaih.)
326 1019 481 1086 “ήγούμεθα
499 1020 552 1085 γὰρ
572 1018 661 1087 ἐκείνῃ
683 1020 733 1084 μέν
751 1019 802 1071 τὸν
821 1019 966 1082 ἐγγυτάτω
984 1019 1085 1082 γένους
1104 1020 1161 1071 δεῖν

141 1115 287 1176 ςυνοικειν,
306 1109 341 1162 τὰ
360 1109 391 1161 δέ
410 1107 538 1174 χρήματα
556 1108 627 1160 τέως
646 1105 739 1178 (μέν)
758 1111 810 1173 τῆς
828 1107 978 1174 ἐπικλήρου
998 1109 1076 1174 εἶναι,
1091 1108 1163 1160 ἐπει-

142 1200 196 1252 δὰν
215 1200 246 1252 δέ
265 1239 271 1252 .
288 1239 294 1251 .
313 1197 459 1264 ἡβήςωςιν,
479 1196 602 1250 ἐκείνους
623 1197 718 1250 αὐτῶν
738 1195 869 1262 κρατεῑν’.
902 1199 947 1249 καὶ
966 1197 1011 1250 έπλ
1028 1201 1079 1249 τοῦ
1099 1197 1161 1264 ἕως,
1177 1211 1202 1250 ιο

142 1290 184 1341 ὡς
206 1287 282 1353 παρὰ
300 1288 473 1353 Δημοςθένει
496 1287 526 1338 ἐν
546 1282 571 1351 β’
588 1290 647 1338 τῶν
671 1286 843 1339 Φιλιππικῶν
862 1287 894 1353 (II
913 1286 956 1352 21)
982 1285 1085 1351 *ὥςπερ
1108 1286 1162 1351 γὰρ

143 1377 176 1430 ἐν
199 1383 259 1430 τοῖς
281 1378 396 1442 ςώμαςι,
422 1377 494 1428 τέως
514 1376 564 1440 μέν
583 1375 617 1427 ἂν
641 1375 785 1441 ἐρρωμένα
808 1375 839 1442 ή,
864 1375 947 1426 οὐδέν
971 1375 1163 1428 ἐπαιςθάνεται

142 1471 204 1519 τῶν
223 1464 286 1518 καθ’
299 1466 399 1518 ἕκαςτα
414 1463 544 1530 ςαθρῶν’,
564 1467 610 1517 καὶ
624 1463 654 1515 ἐν
667 1469 709 1532 τῷ
725 1464 799 1517 Κατὰ
813 1464 1028 1530 Διονυςοδώρου
1044 1465 1104 1530 (LVI
1120 1464 1162 1530 14)

144 1555 224 1608 (τοὺς
243 1555 273 1608 δέ
292 1553 331 1607 εἰς
350 1553 446 1606 Ῥὁδον
464 1553 566 1606 τόκους
586 1555 622 1618 μή
642 1556 856 1618 καθομολογεῖν,
875 1553 947 1605 τέως
965 1553 1000 1604 ἂν
1019 1554 1164 1618 διακριθῶ-

144 1643 216 1710 μεν’,
236 1646 281 1696 καὶ
300 1643 330 1695 ἐν
348 1647 389 1710 τῷ
408 1643 478 1708 Περὶ
493 1646 545 1707 τής
559 1640 777 1707 παραπρεςβείας
796 1643 861 1709 (xlx
876 1643 939 1706 396)
960 1639 1033 1694 ’ἀντὶ
1046 1645 1097 1693 τοῦ
1112 1643 1162 1694 τὸν
1178 1655 1203 1695 15

145 1733 276 1799 Ὠρωπὸν
292 1733 356 1797 ὑμῖν
374 1732 576 1797 παραδοθῆναι,
595 1733 727 1796 περὶτοῦ
746 1731 863 1797 Δρυμοῦ
884 1731 928 1783 καλ
946 1733 997 1796 τῆς
1015 1731 1085 1795 πρὸς
1103 1729 1163 1782 Πα-

142 1821 238 1890 νάκτῳ
258 1823 350 1887 χώρας
370 1819 430 1886 μεθ’
452 1821 547 1872 ὅπλων
566 1820 719 1886 έξέρχεςθε,
746 1819 761 1872 ὃ
784 1821 855 1872 τέως
878 1819 948 1884 ήςαν
971 1824 1038 1886 ςήιοι
1056 1820 1164 1872 Φωκεῖς

143 1911 282 1964 οὐδέποτε
293 1908 480 1975 ἐποιήςαμεν’.
506 1910 550 1960 καὶ
560 1908 590 1960 ἐν
600 1913 641 1976 τῷ
650 1908 722 1974 Περὶ
730 1913 788 1961 τῶν
799 1913 958 1975 ςυμμοριῶν
974 1909 1036 1974 (XIV
1047 1909 1162 1976 35-36)

147 2000 204 2052 ‘mi
228 2001 282 2064 μὴν
306 1999 373 2052 οὐδὲ
396 2002 454 2050 τῶν
478 1999 571 2050 ἄλλων
595 1998 697 2050 οὐδένα
720 1998 755 2049 ἂν
774 1997 912 2064 Ἑλλήνων
935 1995 1051 2050 εἰκότως
1075 2000 1164 2063 φοβη·

144 2090 230 2141 θέντα
248 2088 299 2140 τὸν
317 2089 440 2152 πόλεμον
458 2091 562 2140 τοῦτον
581 2088 648 2152 ὁρῶ.
685 2086 727 2139 τίς
749 2087 803 2153 γὰρ
827 2087 879 2139 οὐκ
903 2087 979 2139 οἶδεν
998 2087 1093 2139 αὐτων
1112 2087 1163 2152 ὅτι,
1179 2099 1204 2140 νο

143 2179 217 2230 τέως
237 2177 287 2242 μὲν
306 2176 400 2229 κοινὸν
419 2176 520 2242 ἐχθρὸν
538 2176 645 2228 ἐκεῖνον
664 2176 812 2240 ὡμονόουν
829 2175 965 2242 ἀλλήλοις,
984 2178 1096 2228 πολλῶν
1110 2175 1165 2240 ἄρα

146 2267 216 2330 ήςαν
236 2264 348 2332 κύριοι;’

219 2387 317 2442 Svnus
332 2387 376 2456 (cf.
388 2387 442 2442 lex.
454 2387 480 2441 S.
491 2389 582 2455 quari.
593 2406 619 2456 p.
632 2393 692 2453 193,
704 2392 737 2439 33
753 2390 782 2441 et
794 2387 847 2441 lex.
859 2387 885 2441 S.
896 2387 985 2456 quini.
996 2405 1023 2455 p.
1035 2390 1096 2453 309,
1106 2390 1164 2456 99)ι

144 2479 247 2545 τήθη·
267 2479 372 2545 μάμμη,
391 2479 409 2544 ἡ
429 2479 535 2544 πατρὸς
553 2479 571 2543 ἢ
591 2479 697 2544 unviti<
717 2478 815 2544 μήτηρ-

219 2601 317 2656 Βνιοεε
333 2600 378 2670 (cf.
393 2600 446 2654 lex.
462 2599 488 2654 S.
504 2602 595 2668 quari.
609 2618 637 2669 p.
649 2606 735 2666 194,1
752 2602 780 2654 ei
793 2600 846 2654 lex.
858 2599 884 2655 S.
895 2600 985 2670 quini.
995 2619 1023 2670 p.
1035 2604 1095 2666 309,
1106 2603 1164 2670 30)ι
1180 2614 1206 2654 25

146 2692 254 2759 τηθίς·
275 2692 343 2759 θεία,
363 2693 468 2758 πατρὸς
486 2693 504 2757 ή
525 2693 629 2757 μητρὸς
648 2691 765 2758 ἀδελφή.

219 2816 284 2870 Lex.
300 2835 321 2868 s.
337 2833 432 2875 evm.
446 2833 474 2884 p.
488 2820 548 2880 194,
564 2820 592 2867 3:
607 2818 823 2881 τηλικουτος·
838 2816 883 2868 ἐπὶ
898 2816 1033 2881 μεγέθους
1047 2817 1064 2881 ἢ
1079 2815 1166 2882 πράγ-

148 2922 236 2972 ματος
254 2909 271 2972 ή
291 2906 389 2959 τόπου.

222 3016 308 3066 7-10
318 3010 394 3065 idem
404 3009 563 3080 exemplum
573 3028 600 3080 p.
610 3015 670 3076 166,
679 3015 784 3063 96-29
794 3027 815 3063 α.
824 3027 851 3062 u.
861 3008 1015 3080 ἡβήσαντες
1023 3009 1165 3063 laudatur.

223 3195 236 3241 1
252 3187 287 3242 τὰ
301 3185 374 3242 ὅπλα
389 3187 467 3261 (τὰ)
482 3187 554 3242 coni.
565 3187 716 3242 Wuensch.
785 3194 801 3241 2
815 3187 917 3254 Lysiae
926 3203 1028 3241 nomen
1038 3187 1085 3240 hio
1095 3187 1170 3241 exei-

150 3259 225 3313 disse
245 3262 372 3328 apparet.
446 3266 470 3313 3.
486 3264 503 3311 4
521 3257 621 3328 δέομαι
635 3255 686 3313 οὖν
701 3259 787 3328 ὑμῶν,
807 3253 946 3326 ὦᾶνὸρες
960 3255 1098 3325 δικασταί,
1116 3258 1168 3327 τήν

148 3330 239 3400 αὐτὴν
258 3339 310 3386 νῦν
329 3331 393 3398 περὶ
411 3330 478 3400 ἐμοῦ
497 3333 610 3400 γνώμην
630 3330 702 3422 ἔήειν
720 3327 809 3398 ἥνπερ
829 3329 877 3383 καὶ
897 3330 927 3384 έν
944 3333 982 3403 τῷ
996 3327 1064 3391 τέως
1077 3327 1168 3399 χρόνῳ

148 3402 213 3470 Lys.
271 3401 430 3472 ἵΛυαίβιον
440 3401 567 3469 Kuester,
580 3401 717 3472 Ἀνσιβιον
726 3400 800 3454 libri.
856 3399 1071 3470 8έγγντάτωθκ
1081 3399 1169 3454 Suida

149 3474 212 3542 ipso
222 3492 243 3527 s.
253 3472 415 3544 ἡβήσαντες,
430 3473 582 3542 ἐγγύτατον
591 3471 625 3540 V,
640 3473 777 3543 ἐγγύτατα
786 3471 896 3540 reliqui.
961 3478 984 3526 8.
1001 3477 1017 3524 9
1032 3472 1093 3526 δεῖν
1103 3489 1168 3525 σνν-

150 3553 240 3600 οινεῐν
254 3562 288 3598 ex
303 3543 390 3597 Suida
405 3561 425 3598 ε.
440 3544 603 3614 ἡβήσαντες,
618 3551 758 3598 συνοικεῖν
773 3547 834 3598 θεῖν
847 3541 922 3596 libri.
978 3549 993 3596 9
1008 3543 1043 3596 τὰ
1058 3543 1088 3597 δὲ
1103 3543 1169 3612 χρή-

151 3635 224 3685 ματα
238 3631 272 3669 ex
286 3615 373 3669 Suida
388 3633 408 3670 α.
423 3616 478 3687 viii,
492 3615 523 3670 τὸ
538 3615 568 3670 δὲ
583 3621 675 3686 χρήμα
688 3614 762 3669 libri.
827 3614 921 3686 <μὲν>
937 3629 970 3668 ex
985 3613 1072 3668 Suida
1087 3632 1108 3669 s.
1122 3612 1168 3684 ήβ.
