2666 3910
184 183 289 234 XXXII
584 181 801 235 PROOEMIVM

186 367 263 424 quae
290 367 338 408 rea
368 351 513 408 memoria
542 351 671 410 tenenda
701 353 753 410 est.
799 350 888 426 Apud
918 349 1073 409 Hermiam
1103 351 1201 409 locum

188 440 259 497 bena
287 441 477 498 coniunctum
500 441 530 496 et
553 439 591 498 ad
615 459 706 499 uuum
730 439 914 514 eundemque
941 443 1094 500 auctorem
1117 431 1201 521 (uide
1324 445 1325 512 ἶ

185 527 389 586 Immischium
407 528 426 585 l.
442 547 464 587 s.
479 548 507 603 p.
525 520 655 610 224sq.)
675 531 858 605 spectantem
876 530 1053 603 inuenimus,
1069 549 1127 605 quo
1141 531 1202 588 tria
1324 539 1325 548 ³

185 615 350 696 ἐγκλήματα
373 616 508 677 Platonis
531 619 766 677 obtrectatorum
790 620 987 676 continentur.
1024 618 1106 677 Haec
1129 637 1201 694 quo·
1324 647 1325 652 ¹

186 725 243 781 que
273 706 399 765 eundem
429 706 597 766 Phaedrum
627 708 780 784 dialogum
810 709 947 783 spectant
979 711 1021 782 et,
1052 709 1201 784 imprimis
1324 718 1325 742 i

186 795 346 854 secundum
373 796 451 854 illud
478 794 622 876 tyriique,
652 797 726 856 adeo
754 796 910 856 Platonem
938 798 1145 856 conuiciantur
1172 799 1202 856 et

186 884 259 944 adeo
288 903 355 944 cum
381 887 433 959 iis,
463 904 539 960 quae
566 886 647 961 apud
669 885 941 964 Pseudolonginum
968 887 1108 964 legimus,
1134 905 1202 946 con·

186 978 305 1052 gruunt,
324 977 359 1033 ut
377 974 499 1033 dubium
514 994 577 1034 esse
596 995 655 1034 non
673 977 776 1051 possit,
796 977 868 1051 quin
887 975 926 1034 ad
941 974 1103 1034 Caecilium
1116 975 1201 1034 redu-

186 1064 279 1123 cenda
297 1065 365 1123 sint.
404 1063 470 1138 Sed,
494 1067 528 1122 ut
550 1063 737 1124 Immisohius
761 1066 962 1141 copiosissime
985 1065 1204 1125 demonstrauit

186 1156 216 1211 et
238 1155 273 1212 ut
296 1173 332 1212 ex
354 1172 445 1229 supra
473 1153 566 1212 allato
589 1152 797 1214 Halicarnasei
823 1155 889 1214 loco
918 1156 1027 1229 elucet,
1056 1152 1202 1214 Caecilius

185 1241 340 1302 Platonem
377 1244 551 1318 uituperans
584 1245 765 1319 optimorum
798 1247 967 1319 auctorum,
1004 1263 1129 1319 quorum
1164 1243 1201 1304 ad
1324 1283 1325 1324 3

186 1351 276 1407 opera
303 1332 365 1391 illis
397 1332 581 1407 temporibus
614 1333 737 1408 patebat
767 1333 879 1408 aditus,
910 1333 968 1392 fide
1000 1335 1120 1408 nititur3
1154 1333 1202 1391 hic
1324 1331 1325 1364 ³

185 1423 250 1480 tam
279 1422 443 1497 exquisitus
472 1424 502 1479 ot
530 1423 685 1482 accuratus
712 1424 760 1480 uir
784 1422 822 1481 ad
850 1424 978 1497 optimos
1005 1424 1102 1483 fontes
1124 1423 1203 1482 redit

187 1513 217 1568 et
245 1529 293 1569 eos
322 1510 417 1568 affert.
464 1509 522 1577 Qui
545 1511 642 1571 fontes
665 1511 860 1588 Peripatetici
887 1514 968 1586 sunt,
993 1530 1066 1587 quos
1090 1511 1202 1587 Diony·

186 1602 264 1659 sium
283 1602 314 1658 et
332 1598 495 1657 Caecilium
514 1603 606 1658 etiam
625 1600 698 1658 alibi
720 1603 753 1659 in
771 1619 858 1660 usum
875 1601 1030 1660 uocauisse
1052 1593 1202 1683 scimus²).

186 1689 280 1746 Felici
293 1707 364 1748 casu
378 1690 555 1762 factumest,
570 1689 648 1764 quod
664 1693 800 1749 accurate
814 1692 967 1764 exquirere
982 1693 1012 1748 et
1025 1691 1202 1749 nominatim

186 1777 338 1853 appellare
348 1797 511 1853 possumus,
524 1781 591 1853 quis
601 1778 868 1854 Peripateticorum
877 1781 913 1838 de
922 1779 1058 1839 Platonis
1068 1778 1203 1838 Phaedro

187 1866 290 1925 acerbe
317 1867 510 1941 indicauerit,
538 1870 606 1943 quis
635 1866 783 1928 Calactini
810 1871 914 1928 auctor
942 1869 1042 1928 fuerit.
1088 1868 1124 1927 In
1146 1869 1202 1927 hac

186 1958 360 2031 quaestione
394 1956 454 2015 duo
486 1957 546 2015 loci
575 1956 690 2016 Laertii
724 1959 868 2036 Diogenis
903 1951 952 2039 (fr.
974 1960 1076 2032 loca,
1102 1949 1202 2040 152b)
1324 2021 1325 2036 ,

186 2045 270 2104 nobis
303 2049 493 2119 succummt,
525 2064 652 2121 quorum
684 2049 766 2123 prior
798 2048 974 2107 Dicaearchi
1008 2049 1127 2107 nomine
1159 2046 1202 2105 di·
1324 2051 1325 2092 ἱ

186 2139 263 2194 serta
290 2137 411 2194 notatus
440 2138 497 2208 est,
525 2137 720 2210 posteriorem
748 2157 783 2195 ex
809 2138 912 2196 eodem
936 2138 1117 2212 exscriptum
1141 2154 1203 2195 esse
1324 2131 1325 2192 l

185 2224 373 2284 Immischius
402 2227 584 2302 argumentis
614 2224 760 2301 probauit.
809 2225 883 2284 Cum
913 2230 1013 2284 autem
1042 2227 1075 2283 in
1104 2228 1203 2300 priore

185 2315 251 2373 loco
270 2313 386 2372 Laertii
403 2312 546 2392 Diogenis
570 2317 699 2390 primum
718 2319 749 2374 et
768 2317 892 2374 tertium
915 2313 1044 2394 ἔγκλημα
1062 2313 1202 2373 Hermiae

186 2405 295 2461 iterum
313 2403 398 2461 nobis
413 2406 579 2477 occurrant,
597 2406 630 2461 in
648 2407 812 2480 posteriore
829 2405 997 2478 secundum,
1013 2404 1203 2462 manifestum

186 2495 232 2551 cst
245 2492 393 2551 Fauorino
408 2494 623 2551 interueniente
639 2527 673 2534 —
686 2495 743 2554 hoo
759 2496 867 2553 statuit
880 2493 1068 2554 Immiscbius
1083 2524 1118 2533 -
1131 2493 1204 2552 Dic·

187 2601 292 2659 genem
315 2584 345 2640 et
362 2581 518 2640 Hermiam
542 2601 577 2640 ex
600 2582 701 2642 eodem
725 2586 806 2643 fonte
829 2584 963 2642 hausisse
984 2583 1012 2641 h.
1033 2601 1057 2640 a.
1077 2601 1112 2640 ex
1132 2581 1203 2641 Cae·

187 2670 256 2729 cilio
271 2669 434 2730 Calactino.
469 2669 614 2730 Caecilius
634 2675 733 2732 autem
747 2675 856 2748 optimi
874 2673 1013 2746 auctoris,
1027 2669 1203 2730 Dicaearchi

186 2759 389 2834 Peripatetici,
412 2759 470 2818 fide
493 2763 609 2819 nititur.
657 2762 749 2822 Totus
774 2763 999 2837 antiquissimus
1022 2761 1104 2821 locus
1128 2761 1203 2820 clas-

187 2850 264 2908 sicus
287 2857 345 2908 τῶν
368 2847 557 2929 ἐγκλημάτων
580 2853 748 2927 temporum
770 2852 888 2910 iniuriis
910 2849 1120 2924 succubuisset,
1143 2851 1204 2908 nisi

188 2936 342 3012 Caecilius,
366 2941 449 2998 ouius
473 2941 636 2998 auctoritas
659 2942 691 2998 in
714 2947 749 3016 τῆ
773 2946 859 3021 κοινῇ
884 2938 996 3020 ἱστορίᾳ
1019 2939 1202 3016 insequentis

187 3029 295 3086 aetatis
315 3021 405 3108 (uide,
431 3047 506 3102 quae
529 3048 558 3103 p.
576 3027 647 3086 XVI
671 3030 733 3088 dixi
770 3028 933 3103 plurimum
956 3027 1062 3102 ualuit,
1086 3028 1203 3087 meliori

186 3117 324 3175 fortunae
357 3136 423 3174 eum
456 3119 644 3176 seruauisset.
691 3119 730 3176 Et
763 3121 841 3175 certe
871 3118 996 3175 maximi
1027 3118 1118 3192 pretii
1148 3120 1203 3192 est,

188 3225 255 3263 cum
277 3207 303 3264 is
327 3207 380 3280 sit,
404 3209 455 3282 qui
479 3207 646 3266 doctrinam
669 3206 845 3266 Dicaearchi
872 3205 957 3265 nobis
981 3207 1125 3281 seruauit,
1150 3208 1203 3281 qui
1324 3251 1325 3258 ,

187 3314 240 3354 nos
264 3295 350 3354 docet
372 3314 441 3354 eum
465 3298 494 3353 et
516 3315 577 3355 una
600 3314 666 3354 cum
690 3315 723 3354 eo
750 3295 964 3370 Peripateticos
988 3297 1149 3370 exquisisse
1173 3297 1204 3353 ct
1324 3315 1325 3322 ¹

187 3572 212 3627 V
260 3501 434 3627 lgeqmqrgqch
449 3501 466 3554 l.
483 3519 503 3556 s.
523 3519 549 3569 p.
561 3506 626 3566 2463
645 3501 860 3565 Radermacher,
876 3500 1117 3569 Pauly-Wissowa
1137 3501 1203 3556 RE.

230 3591 257 3641 p.
327 3617 334 3641 ,
405 3617 410 3628 .
