2666 3910
536 211 754 262 Paoourssvrs
1104 210 1155 260 XV

134 377 205 438 mile
229 381 276 438 est
299 396 367 439 eum
390 395 512 452 quoque
533 397 625 436 unum
648 378 698 436 uel
721 378 850 436 alterum
872 378 1003 437 fructum
1027 395 1062 436 ex
1083 375 1155 437 Cae·

135 466 204 530 cilio
228 468 341 541 cepisse
365 469 396 526 et
417 468 449 524 in
468 484 555 526 usum
576 485 666 526 suum
685 468 875 526 conuertisse.
912 466 1050 541 Denique
1069 465 1155 542 Lysi·

134 555 279 616 mathidia
302 555 380 616 liber
401 552 468 636 περὶ
491 563 550 616 τῶν
575 552 655 635 παρὰ
677 559 739 626 τοῖς
762 558 900 626 Ἀττικοῖς
924 554 1058 636 ῥητόρων
1080 553 1155 636 πρὸς

134 643 274 706 Κεκίλιον
306 646 470 720 inscriptus
501 635 585 726 (iride
615 645 817 724 fragmentum
847 647 910 704 155
940 664 962 704 s.
990 637 1155 727 θεωρικόν)

136 731 260 794 Caecilii
283 735 380 810 ipsius
401 735 561 794 lectionem
584 737 614 792 et
636 733 769 794 studium
792 733 920 812 diligens
942 736 975 792 in
998 753 1033 793 eo
1055 752 1154 794 uersa-

133 826 200 890 tum
221 823 381 884 manifesto
399 822 509 898 prodit.
543 821 730 899 Quamquam
749 823 785 882 de
804 823 1014 899 Lysimachide
1033 824 1156 882 aliunde

134 929 196 972 non
218 912 349 974 muitum
372 913 491 989 scimus,
513 915 614 972 tamen
638 915 754 972 comum
777 915 823 972 est
846 933 914 972 eum
937 931 1005 970 cum
1025 911 1154 972 Caecilio

135 1000 316 1075 conflixisse,
339 1003 430 1060 etiam
453 1002 490 1060 de
509 1004 572 1062 eius
595 1005 712 1061 ratione
731 1002 929 1079 impugnandi
950 1002 1078 1062 fortasse
1101 1002 1156 1061 ali-

136 1089 209 1167 quid
231 1090 403 1150 accuratius
426 1089 523 1150 dicere
545 1110 716 1166 possumus,
740 1093 767 1150 si
788 1092 916 1150 titulmn
937 1093 1038 1166 ipsum
1060 1093 1155 1167 inspi-

136 1181 238 1240 cimus.
286 1179 365 1238 Puto
395 1180 475 1238 enim
506 1181 703 1240 refutationes
734 1179 857 1240 Caecilii
889 1181 1052 1240 acerbitate
1081 1183 1155 1240 satis

136 1270 270 1346 insignes
292 1268 385 1330 fuisse
409 1271 439 1328 et
461 1271 559 1328 totum
581 1271 670 1330 huius
693 1270 804 1329 librum
827 1289 882 1346 per
900 1270 1018 1348 singula
1042 1270 1079 1328 ab
1105 1269 1154 1328 ad·

137 1357 271 1418 uersario
295 1358 508 1434 impugnatum
531 1377 604 1420 esse.

203 1446 347 1508 Videmus
373 1449 470 1524 igitur
493 1445 656 1508 Caecilium
683 1451 744 1508 iam
769 1447 849 1523 apud
877 1449 1018 1523 aequales
1045 1467 1156 1525 magna

139 1538 318 1596 auctoritate
341 1538 434 1596 fuisse
455 1540 487 1597 et
507 1539 603 1614 ipsius
626 1539 694 1596 uiui
715 1538 810 1596 libros
832 1541 868 1597 ut
891 1539 1083 1597 uehementer
1100 1539 1155 1596 im·

136 1627 296 1702 pugnatus,
309 1627 355 1684 ita
370 1627 463 1687 etiam
476 1627 654 1710 compilatos
668 1645 740 1687 esse.
774 1627 904 1686 Tantum
919 1627 957 1686 de
969 1627 1156 1703 aequalibus.

205 1712 264 1783 Qui
285 1717 498 1790 postmortem
519 1714 640 1776 Caecilii
661 1716 776 1792 primus
795 1715 859 1774 eius
876 1719 1058 1776 mentionem
1075 1717 1156 1791 fecit,

137 1807 184 1864 est
205 1803 327 1864 libelli
349 1804 389 1865 de
412 1804 643 1864 sublimitate
666 1807 802 1865 auctor.
839 1805 931 1864 Illum
953 1803 1071 1864 Claudii
1094 1807 1157 1865 fere

137 1891 322 1968 temporibus
350 1895 551 1970 conscriptum
579 1913 642 1954 esse
665 1913 683 1953 a
706 1895 855 1970 plerisque
879 1894 953 1954 uiris
977 1894 1072 1954 doctis
1096 1896 1157 1954 sta·

136 1981 244 2040 tuitur.
274 1981 543 2060 Pseudolonginus,
561 1986 614 2059 qui
632 1987 768 2057 uocatur,
787 1986 948 2044 acerrimus
967 1984 1156 2044 aduersarius

138 2071 169 2130 et
182 2070 365 2132 obtrectator
380 2070 503 2134 Caecilii
515 2075 561 2132 est
575 2075 605 2132 et
617 2073 774 2152 pugnandi
787 2072 951 2149 eupiditate
967 2074 1060 2133 ardet.
1088 2073 1156 2132 Non

138 2161 237 2220 solum
256 2158 379 2220 Caecilii
401 2161 511 2220 libmm
534 2159 600 2242 napi
623 2161 724 2237 ὕψους
747 2162 976 2239 diligentissime
998 2163 1082 2240 legit,
1105 2163 1158 2222 sed

138 2250 229 2310 etiam
267 2250 330 2310 eius
366 2249 578 2329 συγγράμματα
614 2247 687 2330 ὑπὲρ
720 2250 839 2312 Λυσίου
872 2254 902 2308 et
934 2253 1060 2311 fortasse
1093 2251 1157 2311 aius

137 2336 292 2417 εύγκρισιν
315 2335 533 2416 Δημοσθένους
560 2337 609 2399 καὶ
632 2337 802 2419 Κικέρωνος
831 2343 972 2399 uersauit.
1019 2338 1156 2400 Ceterum

137 2428 211 2503 puto
234 2445 288 2486 nos
310 2445 378 2488 curn
400 2448 435 2490 ex
458 2427 558 2488 indole
581 2429 675 2488 libelli
698 2426 765 2509 περὶ
787 2428 888 2504 ὕψους
911 2433 976 2488 tum
999 2448 1034 2488 ex
1057 2430 1157 2489 uerbis

137 2515 268 2578 ancoris
287 2517 361 2593 ipsis
380 2517 555 2578 concludere
578 2536 664 2593 posse
687 2518 846 2578 lectionem
867 2516 989 2578 Caecilii
1011 2517 1157 2578 librorum

136 2604 184 2665 his
205 2605 390 2681 temporibus
414 2607 573 2683 uulgatum
596 2607 700 2683 trisse,
724 2609 835 2666 etenim
857 2607 977 2667 libellus
1000 2607 1038 2666 iis
1066 2607 1156 2668 desti·

136 2697 227 2754 natus
256 2697 335 2768 erat,
363 2696 415 2770 qui
443 2695 610 2757 aduersarii
637 2696 783 2772 scriptum
813 2699 966 2774 cognitum
995 2696 1155 2757 habebant.

204 2783 335 2860 Propero
354 2783 392 2842 ad
416 2784 502 2859 alios,
519 2788 571 2861 qui
589 2787 686 2862 primo
707 2786 825 2848 saeculo
846 2791 915 2861 post
935 2784 1086 2846 Christum
1105 2805 1156 2845 na·

135 2870 335 2932 maumonii
348 2875 523 2936 memoriam
537 2877 791 2952 propagauerunt,
805 2875 872 2934 dico
883 2875 1156 2950 Lesbonaotem,

136 2957 420 3033 Quintilianum,
432 2962 759 3024 Phoebammonem.
782 2963 936 3024 Lesbonax
949 2965 1031 3024 illius
1046 2963 1157 3024 librum
1274 2985 1275 2990 ¹

134 3046 205 3130 περὶ
222 3048 379 3128 σχημάτων
402 3052 522 3114 uidetur
540 3052 654 3131 legisse,
679 3051 883 3123 Quintilianus
902 3056 967 3114 sine
984 3053 1074 3114 dubio
1093 3055 1157 3128 ipse

136 3137 261 3198 Caecilii
291 3141 351 3200 arti
379 3141 548 3201 rhetoricae
576 3144 607 3203 et
635 3141 713 3202 libro
746 3140 813 3223 usqi
845 3142 1001 3221 σχημάτων
1035 3160 1156 3218 operam

133 3227 231 3302 dedit,
263 3227 524 3306 Phoebammouis,
561 3233 644 3292 euius
680 3235 798 3308 tempus
832 3234 1000 3292 accuratius
1032 3233 1157 3292 circum·

133 3316 266 3378 scribere
283 3337 344 3378 non
361 3337 493 3395 possum,
511 3321 640 3396 epitome
659 3339 827 3396 expressam
843 3319 966 3382 Caecilii
982 3321 1157 3380 memoriam

133 3406 279 3468 contium

202 3495 384 3571 Temporum
398 3499 515 3558 ratione
529 3500 728 3578 insequuntur
737 3502 797 3560 tres
811 3499 959 3574 aequales,
970 3501 1023 3575 qui
1033 3497 1156 3558 Caecilii

131 3603 195 3646 nea
217 3585 408 3646 immemores
424 3587 560 3662 fuerunt,
582 3589 816 3664 Plutarchus,
839 3588 1057 3662 Fauorinus,
1076 3585 1155 3644 Am-
