2666 3912
199 153 241 216 82
562 157 596 206 V.
616 156 703 206 ΠΕΡΙ
722 155 855 205 ΤΨΟΤΣ

196 333 242 369 ται
260 317 313 381 τὴν
333 315 500 382 εἱμαρμένην
518 315 646 382 πορείαν,
669 317 901 381 προπεμφθέντες
924 323 1003 384 κοινῇ
1023 318 1072 382 μέν
1091 318 1147 371 ὑπό
1165 322 1218 384 τὴε

196 405 318 471 πόλεως,
342 404 398 472 ἰδίᾳ
421 406 452 458 δέ
476 406 589 458 ἕκαςτος
612 405 668 458 ὑπό
691 409 750 458 τῶν
772 405 994 471 προςηκόντων’.
1039 407 1143 460 οὐκοῦν
1166 408 1218 460 τόν

198 495 320 547 θάνατον
335 495 412 547 είπεν
427 493 595 560 εἱμαρμένην
608 493 733 562 πορείαν,
747 495 781 547 τό
796 495 827 547 δὲ
841 496 1022 561 τετυχηκέναι
1036 501 1094 548 τῶν
1108 499 1218 562 νομιζο-

198 585 291 648 μένων
320 583 492 649 προπομπήν
518 600 581 636 τινα
609 583 742 649 δημοςίαν
767 584 822 636 ὑπό
847 587 899 650 τῆς
922 585 1063 650 πατρίδος.
1101 586 1155 651 ἄρα
1180 587 1216 651 δὴ

171 674 308 725 οτοότοις
332 671 449 738 μετρίως
472 673 586 735 ὠγκωςε
609 673 662 737 τὴν
684 673 791 739 νόηειν;
819 674 941 738 ἡψιλὴν
959 673 1053 738 λαβὼν
1071 675 1124 739 τὴν
1143 676 1216 728 λέξιν

197 762 376 827 ἐμελοποίηςε
404 761 528 827 καθάπερ
557 761 692 827 ἁρμονίαν
718 761 780 813 τινὰ
808 762 861 826 τὴν
889 762 920 814 ἐκ
946 765 998 828 τὴς
1023 763 1217 828 περιφράςεως

197 851 395 916 περιχεάμενος
413 851 570 915 εὐμέλειαν;
589 851 626 918 (3)
645 852 690 902 καί
703 851 843 916 Ξενοφῶν
860 847 970 917 (Cyrop.
985 857 996 902 Ι
1011 855 1035 914 5,
1052 852 1095 919 12)
1116 851 1217 904 ’πόνον

198 940 228 992 δέ
251 944 302 992 ποθ
327 942 378 1005 ζὴν
401 941 492 1005 ἡδέως
514 939 640 1005 ἡγεμόνα
662 939 800 1005 νομίζετε,
826 939 968 992 κόλλιςτον
987 940 1018 992 δέ
1036 941 1152 994 πάντων
1171 943 1217 994 καί

196 1030 423 1093 πολεμικώτατον
442 1032 534 1094 κτῆμα
553 1027 659 1081 εἰςτὰς
678 1029 769 1093 ψυχὰς
788 1029 994 1094 ςυγκεκόμιςθε·
1022 1029 1217 1096 ἐπαινούμενοι

157 1130 183 1168 10
196 1118 250 1184 γὰρ
270 1119 375 1182 μᾶλλον
394 1120 411 1183 ἡ
430 1123 488 1170 τοῖς
508 1118 600 1170 ἄλλοις
618 1121 682 1170 πᾶςι
700 1117 819 1184 χαίρετε’
841 1118 902 1170 ἀντί
915 1121 966 1170 τοῦ
987 1116 1094 1171 (πονεῖν
1109 1118 1215 1172 θέλετε’

104 1209 137 1256 52
149 1202 183 1255 V.
199 1206 299 1260 *πόνον
316 1207 320 1273 Ι
336 1207 460 1272 ἡγεμόνα
473 1211 525 1259 ποθ
540 1209 591 1271 Ζῆν
605 1208 697 1272 ἡδέως
710 1206 841 1260 ποιεῖςθε’
862 1205 949 1260 εἰπὼν
963 1209 1008 1259 καί
1021 1207 1098 1260 τᾶλλ’
1112 1207 1216 1273 ὁμοίως

197 1295 356 1349 ἐπεκτείνας
382 1295 504 1362 μεγάλην
529 1296 592 1348 τινὰ
618 1296 728 1348 ἔννοιαν
753 1301 794 1363 τῷ
821 1295 925 1364 ἐπαίνῳ
953 1296 1216 1362 προςπεριωρίςατο.

196 1385 234 1453 (4)
254 1386 298 1437 καί
315 1385 349 1437 τό
369 1383 507 1450 ἀμίμητον
526 1384 616 1436 ἐκεῖνο
634 1389 686 1437 τοῦ
706 1384 858 1450 Ἡροδότου
878 1386 899 1452 (Ι
919 1387 980 1452 105)
1005 1384 1075 1439 ίτιὶιν
1099 1386 1129 1438 δέ
1149 1385 1216 1438 (κυ-

196 1475 270 1527 θέων
293 1479 351 1526 τοῖς
375 1474 517 1539 ευλὴςαςιν
540 1474 574 1526 τό
598 1472 674 1540 ἱερόν
692 1473 821 1538 ἐνέβαλεν
839 1476 857 1539 ἡ
878 1473 941 1527 θεός
960 1474 1072 1539 θὴλειαν
1091 1473 1215 1527 νοθςον’.

105 1567 183 1613 XXIX
198 1563 235 1631 (1)
255 1562 387 1629 ἐπίκηρον
407 1563 500 1627 μέντοι
518 1563 552 1615 τό
570 1567 692 1628 πρᾶγμα,
710 1564 728 1627 ἡ
743 1562 914 1628 περίφραςις,
933 1567 991 1614 τῶν
1010 1563 1101 1615 ἄλλων
1119 1565 1213 1629 πλέον,

156 1663 182 1703 ιο
197 1651 220 1705 εί
240 1654 276 1717 μὴ
297 1653 458 1717 ςυμμέτρως
476 1653 529 1704 τινί
548 1652 728 1717 λαμβάνοιτο·
748 1653 831 1705 εὐθὺς
847 1652 900 1717 γὰρ
915 1651 1029 1716 όβλεμές
1042 1652 1215 1719 προςπίπτει,

195 1741 383 1807 κουφολογίας
410 1757 442 1794 τε
470 1742 536 1795 όζον
564 1743 608 1794 καί
635 1742 805 1806 παχύτατον.
842 1740 909 1793 ὅθεν
934 1742 979 1792 καί
1003 1741 1054 1792 τόν
1072 1741 1213 1794 Πλάτωνα

195 1831 298 1898 (δεινός
321 1831 374 1896 γὰρ
398 1831 441 1883 ἀεί
462 1833 526 1896 περί
548 1834 638 1896 ςχὴμα
661 1830 713 1883 κόν
735 1846 803 1882 τιςιν
827 1829 959 1896 ἀκαίρως)
986 1829 1017 1882 ἐν
1035 1835 1093 1882 τοῖς
1112 1831 1214 1895 Νόμοις
1321 1883 1322 1902 ,

195 1921 313 1983 λέγοντα
333 1921 385 1987 (vn
398 1936 425 1986 p.
442 1917 530 1987 801b)
551 1918 601 1972 ‘duc
620 1920 685 1971 οὔτε
705 1919 847 1984 ἀργυροῦν
865 1919 907 1970 δεῖ
924 1921 1048 1971 πλοῦτον
1067 1920 1133 1972 οὔτε
1149 1936 1214 1985 χρυ-

155 2020 181 2059 ω
195 2013 262 2062 ςοῦν
281 2009 311 2061 ἐν
329 2009 409 2061 πόλει
426 2007 575 2074 ἱδρυμένον
593 2007 643 2060 ἐόν
662 2006 757 2060 οίκεῖν’
783 2007 1076 2073 διαχλευάζουςιν,
1104 2009 1167 2075 ,ὡς
1186 2007 1213 2060 εί

195 2098 369 2164 πρόβατα“
396 2096 480 2163 φηςίν
506 2097 654 2165 ,ἐκώλυε
679 2100 871 2163 κεκτὴςθαι,
896 2098 999 2162 δῆλον
1019 2097 1070 2149 ὅτι
1088 2097 1214 2162 προβά-

114 2153 181 2274 {XX'
196 2202 288 2239 τειον
312 2187 350 2238 ἂν
374 2188 426 2239 καί
451 2186 563 2250 βόειον
585 2188 735 2238 πλοῦτον
758 2185 905 2248 έλεγενί.
926 2195 1020 2248 ..γ..
1058 2185 1094 2253 (1)
1116 2186 1211 2250 ἐπειδὴ

47 2287 186 2352 φραστικόν
200 2276 294 2341 μέντοι
316 2277 334 2340 ἡ
357 2279 409 2327 τοῦ
428 2275 513 2338 λόγου
537 2273 630 2340 νόηςις
652 2276 670 2338 ἡ
689 2290 721 2326 τε
744 2275 842 2340 φρόςις
864 2275 899 2326 τὰ
921 2273 1008 2326 πλείω
1027 2273 1062 2326 δι’
1080 2275 1212 2340 ἑκατέρου

113 2340 184 2405 μέρος
197 2365 369 2429 όιέπτυκται,
392 2362 430 2416 ίθι
453 2363 502 2428 δὴ,
527 2363 561 2415 ἂν
583 2368 635 2415 τοῦ
655 2368 807 2429 φραςτικοῦ
827 2364 927 2429 μέρους
946 2364 963 2430 ἡ
982 2379 1045 2416 τινα
1063 2364 1145 2416 λοιπὰ
1164 2364 1212 2430 ἔτι,

155 2465 181 2505 ιο
194 2453 481 2519 προςεπιθεαςώμεθα.
520 2452 563 2504 ότι
587 2453 636 2516 μέν
660 2452 756 2504 τοίνυν
779 2454 796 2517 ἡ
820 2457 878 2505 τῶν
902 2451 1006 2517 κυρίων
1031 2453 1074 2504 καί
1099 2454 1212 2517 μεγαλα·

193 2546 309 2608 πρεπῶν
336 2541 485 2604 ὀνομάτων
511 2541 611 2606 ἐκλογὴ
636 2545 801 2606 θαυμαετῶς
824 2541 884 2603 ἄγει
908 2544 951 2593 καί
976 2543 1123 2605 κατακηλεῑ
1145 2541 1211 2592 τοὺς

195 2631 349 2683 ἀκούοντας
368 2632 413 2682 καὶ
432 2631 471 2682 ιὶις
488 2633 552 2682 πᾶςι
571 2635 629 2682 τοῖς
648 2630 760 2696 ῥὴτορςι
779 2631 823 2682 καί
842 2633 1028 2695 ςυγγραφεθςι
1047 2629 1107 2681 κατ’
1125 2630 1211 2695 ἄκρον

195 2719 377 2785 ἐπιτήδευμα,
404 2720 521 2784 μέγεθος
544 2719 601 2784 ἅμα
624 2719 723 2772 κάλλος
746 2717 886 2771 εὐπίνειαν
911 2718 994 2783 βάρος
1017 2716 1093 2784 ίςχὺν
1112 2718 1211 2783 κρότοι

194 2810 235 2861 ἐτι
254 2809 284 2860 δέ
303 2807 423 2872 γάνωςίν
439 2824 501 2860 τινα
514 2813 574 2860 τοῖς
587 2807 680 2871 λόγοις
695 2809 786 2872 ὥςπερ
801 2806 935 2871 ἀγάλματι
950 2806 1099 2859 καλλίςτοις
1114 2806 1150 2858 δι’
1164 2807 1210 2859 αὑ-

154 2911 180 2950 ιυ
193 2900 245 2962 τὴς
259 2897 388 2949 ἐπανθεῖν
401 2897 646 2962 παραςκευάζουςα
660 2898 705 2948 καί
721 2896 805 2948 οἱονεί
820 2895 914 2961 ψυχὴν
928 2911 990 2947 τινα
1005 2900 1061 2947 τοῖς
1075 2895 1211 2960 πράγματι

194 2987 359 3051 φωνητικὴν
379 2985 520 3052 ἐντιθείςοι,
540 2988 577 3051 μὴ
598 2988 642 3038 καί
659 2984 790 3051 περιττόν
809 2985 826 3052 ἡ
845 2984 915 3050 πρὸς
934 2983 1042 3036 εἰδότας
1060 2984 1203 3062 διεξιέναι.Ι

266 3131 300 3179 14
318 3126 385 3180 uide
404 3125 438 3180 fr.
458 3132 525 3192 6611,
547 3132 609 3180 241.

265 3328 281 3375 4
300 3317 356 3391 ἆρα
375 3323 531 3392 Mannum,
551 3322 608 3391 ἄρα
626 3323 706 3377 liber.
787 3327 819 3374 21
840 3317 928 3388 φασίν
947 3319 1103 3384 Manutius,
1124 3320 1208 3388 φησίν

193 3393 273 3447 liber.
353 3400 386 3447 23
406 3391 447 3448 δι’
465 3394 617 3464 Manutius,
637 3394 668 3450 δὲ
685 3393 766 3448 liber.
845 3399 879 3446 24
899 3383 916 3464 ᾖ
935 3389 1066 3459 Spengel,
1085 3389 1114 3445 εί
1129 3390 1205 3445 liber.

194 3471 227 3518 29
246 3463 370 3533 γάνωσίν
389 3482 544 3534 anonymus
558 3467 616 3535 jen.
636 3468 700 3538 οίίρ.
721 3466 759 3522 ln.
774 3465 833 3520 neit.
851 3469 919 3518 1810
938 3481 965 3531 p.
981 3467 1042 3530 560,
1060 3459 1087 3515 τ’
1104 3459 1140 3516 ἂν
1160 3457 1207 3515 ὦσι

193 3535 272 3591 liber.
345 3535 513 3606 31ἢ1ίόοι.
