2666 3910
459 207 508 257 III.
528 208 654 256 TEXNH
672 207 857 256 PHTOPIKH
1147 204 1164 266 7

151 366 289 419 uidetur
312 363 522 419 Aristoteles
546 364 626 433 (rhet.
651 369 697 417 13
721 382 748 432 p.
770 364 853 433 1358¹²
872 366 937 433 2ss)
967 365 1070 432 atque
1094 380 1167 418 eum

151 455 287 508 secutus
310 452 568 522 Theophrastus
592 469 609 505 a
632 455 731 522 parte
750 452 900 522 negotiali,
926 453 980 506 hoe
999 454 1043 506 est
1060 471 1166 521 πραγ-

150 550 288 614 ματικῇ,
306 541 494 596 remouisse
511 543 689 610 totamque
709 542 751 594 ad
770 541 861 595 solos
881 541 1060 595 auditores
1078 540 1166 596 rele-

149 647 262 702 gam,
286 634 319 685 et
337 631 373 684 id
392 630 466 684 eius
485 630 645 695 nominis,
671 629 760 698 quod
784 630 824 683 ab
849 630 1087 684 ostentatione
1106 630 1165 684 du-

149 720 251 786 citur,
270 719 445 789 proprium
464 721 523 773 est.
1193 734 1205 772 5

220 862 308 916 fusius
333 862 403 915 haee
427 864 574 915 exsecutus
594 863 637 916 est
655 860 815 914 Alexander
833 860 967 916 Numenii
985 860 1073 916 filius:
1099 861 1165 914 uide

148 950 181 1005 fr.
201 957 252 1018 8α,
272 956 385 1004 19-25.
458 951 644 1004 Ausnuuuuuo
665 949 692 1020 (l.
708 967 731 1002 c.
750 969 777 1019 p.
793 953 838 1018 38)
858 952 971 1004 auctore
989 949 1023 1005 fr.
1043 955 1059 1004 8
1078 952 1107 1004 et
1125 954 1165 1003 8u

150 1039 271 1094 Caecilio
291 1039 456 1093 dubitanter
473 1039 629 1092 tribuerim.

197 1246 266 1312 *88
283 1253 405 1306 Emona
425 1253 585 1306 Anuxnuum
602 1252 656 1306 Rh.
673 1251 769 1307 Gaui
783 1272 810 1322 p.
827 1259 851 1320 1,
867 1258 883 1307 8
898 1252 958 1322 Sp:
983 1258 1094 1320 ζητοῦει
1112 1256 1165 1321 γὰρ

149 1345 269 1396 ἅπαντεε
287 1347 350 1410 περὶ
368 1349 426 1397 τῶν
445 1345 499 1409 ἤδη
518 1344 680 1407 γεγονότων
698 1345 716 1410 ἢ
735 1346 797 1410 περί
815 1348 874 1396 τῶν
888 1344 1047 1408 μελλόντων
1061 1344 1165 1396 ἔεεεθαι

147 1435 165 1498 ἢ
184 1435 246 1499 περί
263 1438 322 1486 των
342 1434 447 1486 όντων·
467 1434 571 1486 οὐκοῦν
589 1437 648 1485 τῶν
662 1435 810 1486 πολιτικῶν
825 1433 917 1496 λόγων
930 1438 1004 1498 τρεῖ(
1019 1431 1084 1485 εἰειν
1098 1434 1165 1485 ὑπο-

147 1522 240 1587 θέεειε,
260 1522 411 1588 ἐγκώμιον,
431 1522 585 1588 ευμβουλή,
604 1521 674 1588 δίκη.
713 1522 874 1588 διαφέροντι
893 1521 918 1574 δ’
937 1523 1018 1575 αὗται
1037 1522 1164 1588 ἀλλήλων

146 1616 204 1663 soie
223 1611 345 1676 χρόνοιε,
364 1617 423 1664 τοῑε
441 1611 595 1677 πράγματι,
610 1616 670 1663 τοῑε
687 1612 786 1677 τέλεα,
805 1616 864 1663 τοῑε
883 1611 1038 1676 ἀκροαταῖς,
1058 1611 1105 1677 ἐφ’
1124 1611 1163 1663 ὠν
1179 1624 1203 1662 10

147 1699 174 1752 οἱ
192 1699 268 1764 λόγοι
286 1699 435 1763 γίγνονται.
469 1705 527 1752 τοῑε
547 1701 650 1765 μὲνδὴ
671 1700 781 1766 χρόνοι(
799 1701 985 1766 διαφέρουειν,
1005 1700 1049 1753 δτι
1067 1699 1095 1752 αἱ
1115 1701 1164 1765 μέν

146 1787 211 1840 εἰειν
235 1788 262 1840 αἱ
285 1788 357 1841 δίκαι
380 1789 448 1856 [καί]
471 1791 533 1855 περί
555 1793 615 1842 τῶν
638 1790 693 1854 ἤδη
717 1789 885 1855 γεγονότων,
910 1789 937 1842 αἱ
961 1790 992 1842 δέ
1015 1792 1163 1856 (υμβουλαί

145 1878 209 1942 περί
232 1881 291 1930 τῶν
318 1878 484 1944 μελλόντων,
511 1878 537 1931 οἱ
563 1879 593 1931 δὲ
620 1878 727 1931 ἔπαινοι
752 1880 814 1944 περί
839 1882 898 1930 τῶν
922 1879 1014 1930 όντων
1037 1881 1082 1931 καί
1104 1883 1163 1931 τῶν

146 1965 298 2031 ἐωμένων
324 1966 491 2032 ἐπαινοῦμεν
514 1968 567 2032 γὰρ
592 1968 625 2019 οὐ
651 1967 737 2032 μόνον
761 1967 786 2020 εἴ
802 1966 844 2020 τί(
863 1967 935 2019 ἐςτιν
954 1967 1070 2033 ἀγαθός,
1095 1968 1163 2020 ἀλλὰ

145 2058 190 2108 καί
213 2054 237 2107 εί
259 2055 468 2121 προεδοκιίινται
492 2057 603 2109 ἔεεεθαι.
639 2061 674 2123 τῇ
699 2057 729 2109 δὲ
752 2061 811 2108 τῶν
832 2056 942 2122 χρόνων
961 2057 1084 2125 διαφορᾷ
1103 2057 1163 2109 ἕπε·
1179 2069 1203 2109 15

144 2161 190 2196 ται
209 2146 253 2196 καὶ
272 2146 289 2210 ἡ
308 2149 368 2197 των
386 2144 570 2210 πραγμάτων·
590 2147 626 2197 τὰ
645 2146 766 2210 μὲνγὰρ
785 2145 884 2209 γέγονε
902 2145 1059 2211 πράγματα,
1078 2146 1113 2198 τὰ
1132 2147 1162 2199 δὲ

146 2233 248 2300 μέλλει,
272 2233 308 2285 τὰ
327 2233 353 2285 δ’
371 2233 524 2298 ἐνέετηκεν.
563 2235 603 2286 ἔτι
626 2233 652 2286 δ’
670 2234 725 2286 ἔετι
748 2238 799 2286 τοί)
824 2235 874 2299 μὲν
893 2234 1031 2299 ἐγκωμίου
1051 2235 1162 2287 ἐπαινοε

145 2324 189 2374 καί
208 2322 311 2387 ψόγοε,
334 2325 385 2388 τῆ(
409 2323 439 2375 δὲ
463 2322 542 2388 δίκη(
565 2321 701 2386 ἀπολογία
724 2325 768 2375 καί
791 2323 956 2389 κατηγορία,
979 2327 1031 2390 τῆ(
1049 2325 1079 2376 δὲ
1099 2339 1162 2389 ευμ·

145 2413 247 2477 βουλῆς
265 2412 411 2477 προτροπή
432 2413 476 2464 καί
495 2412 651 2478 ἀποτροπή.
683 2417 742 2465 τοῖε
761 2413 792 2465 δὲ
807 2414 963 2478 ἀκροαταῖε,
985 2410 988 2482 Ι
1010 2413 1053 2464 ότι
1067 2412 1098 2464 ἐν
1113 2414 1162 2477 μὲν
1177 2419 1192 2465 2
1209 2411 1253 2480 Sp.

145 2505 206 2552 ταῖε
225 2503 390 2564 ευμβουλαῖε
408 2501 539 2553 αὐθένται
558 2500 622 2554 είείν
641 2500 667 2554 οἱ
686 2501 872 2568 ἀκροώμενοι·
901 2501 1082 2565 βουλεύονται
1099 2502 1160 2567 γάρ,
1177 2517 1201 2555 ao

143 2587 171 2640 τί
194 2589 289 2640 αὐτοῖς
311 2590 450 2654 πρακτέον
474 2589 589 2642 ἐκείνοι(
607 2592 652 2642 καί
669 2590 697 2642 τί
716 2591 752 2656 μὴ
771 2590 922 2655 πρακτέον·
947 2589 977 2641 ἐν
995 2595 1056 2642 ταῑε
1074 2591 1105 2643 δὲ
1124 2590 1161 2642 δί-

144 2692 204 2729 καιε
228 2676 254 2729 οἱ
278 2680 366 2744 κριταί
389 2679 428 2730 ὡ(
450 2680 513 2743 περί
532 2677 610 2730 ἰδίων
629 2679 820 2744 εκεπτόμενοι,
847 2677 871 2731 εἰ
888 2679 1043 2744 πέπρακται
1060 2681 1096 2731 τὰ
1114 2679 1161 2731 ὑπ’

144 2766 236 2818 ἄλλων
258 2766 408 2833 γενόμενα,
436 2765 585 2832 κρίνουειν,
612 2765 717 2837 ἢ<εί>
741 2767 853 2820 δικαίωε
876 2770 894 2833 ἢ
919 2768 965 2820 ot·
991 2768 1025 2819 τὸ
1049 2768 1079 2820 δὲ
1101 2771 1160 2819 τῶν

144 2854 290 2919 ἐγκωμίων
318 2856 392 2907 είδοε
420 2856 485 2907 οὔτε
514 2857 649 2908 αὺθένταε
675 2857 732 2921 ἔχει
757 2858 823 2909 οὔτε
848 2855 949 2922 κριτόε,
979 2856 1047 2909 ἀλλὰ
1074 2856 1160 2920 μόνον

143 2943 289 3009 ἀκροατόε,
309 2944 377 2996 δθεν
395 2946 440 2997 καί
459 2944 639 2997 ἐπιδεικτικὸν
657 2944 691 2997 τὸ
708 2949 839 2997 τοιοῦτον
858 2946 994 3011 κέκληται.
1175 2960 1199 2999 25

217 3089 321 3138 19-25
340 3083 407 3138 uide
426 3085 521 3140 adnot.
542 3085 578 3138 ad
597 3085 629 3138 fr.
648 3090 672 3138 8.
705 3085 791 3139 etiam
806 3087 835 3139 in
850 3104 876 3139 u.
892 3092 979 3139 6-19
994 3085 1159 3140 Aristoteles

215 3303 248 3350 12
272 3298 321 3350 καί
339 3298 404 3352 seel.
425 3297 555 3369 Spengel.
665 3299 695 3352 ul
714 3299 745 3352 dt
765 3301 917 3370 συμβουλαὶ
936 3299 1070 3369 Spengel,
1089 3299 1106 3368 ἡ
1127 3300 1157 3354 δὲ

143 3367 283 3438 συμβουλὴ
298 3367 371 3421 libri.
473 3375 505 3423 15
525 3371 572 3424 καί
592 3370 617 3426 εί
634 3373 847 3439 προσδοκῶνται
864 3371 1083 3438 Radermacher,
1110 3372 1159 3424 καί

143 3439 167 3493 εί
185 3442 396 3507 προσδοκῶντες
408 3439 484 3508 libri,
503 3443 551 3496 καί
570 3441 619 3566 ld]
638 3444 848 3510 προσδοκῶντες
866 3441 989 3512 Spengel
1004 3459 1060 3496 non
1074 3445 1156 3496 reete.

144 3517 175 3562 1ῑ
202 3513 268 3578 post
295 3510 439 3581 ἐνέστηκεν
465 3512 576 3582 Spenge
615 3522 670 3568 τῶν
698 3515 782 3567 τελῶν
810 3514 982 3567 mentionem
1008 3513 1156 3567 desiderat.

143 3586 177 3634 22
196 3583 233 3643 ὡς
247 3583 322 3653 περὶ]
343 3581 433 3650 ὥσπερ
447 3585 511 3651 περὶ
525 3585 636 3638 mauult
650 3583 780 3653 Spengel.
854 3590 888 3637 23
908 3585 932 3638 εἰ
947 3584 1011 3638 add.
1027 3584 1156 3653 Spengel.
