2664 3906
202 235 265 301 180
337 240 398 290 XII.
418 239 572 290 ΕΚΛΟΓΗ
591 237 740 296 Amisit<
758 241 854 290 ΚΑΤΑ
872 239 1072 291 ΣΤΟΙΧΕΙΟΝ

200 399 359 466 ἀλλοδαπῆς
377 401 568 466 πεντηκοςιήν
587 399 700 453 ἐτέλουν
720 399 746 452 οἱ
764 401 888 466 ἔμποροι.
924 401 969 452 καλ
987 404 1073 453 τοῦτο
1093 399 1221 456 ἐκαλεῖτο

200 490 471 554 πεντηκοςτεύεςθαι.
509 492 554 541 καὶ
577 489 658 542 αὐτοί
680 490 711 541 δέ
732 488 758 541 οἱ
775 489 809 542 τὸ
828 490 907 542 τέλος
923 487 1138 555 ελςπράττοντες
1153 505 1221 542 πενε

198 579 397 644 τηκοςτολὸγοι
416 580 581 631 καλοῦνται·

272 700 383 755 Svas:
421 703 698 769 πεπορπημένος
737 701 845 767 ἱμάτιον
882 704 997 756 διπλοῦν
1029 701 1220 768 περικείμενος

172 791 293 860 οπδρπῃ
327 792 524 858 ςυνεχύμενον,
557 793 596 844 ὼς
629 793 666 858 μὴ
700 791 862 857 ἀφίεταςθαι
894 796 953 844 τῶν
984 793 1079 857 ὤμων.
1131 795 1220 843 κεῖται

199 881 274 946 παρὰ
293 882 446 948 Λυκούργῳ
472 881 503 933 έν
525 885 566 948 τῷ
594 881 668 933 Κατὰ
687 882 868 947 Λεωκράτους
881 882 943 949 (40)
962 880 1032 933 ετῶν
1058 879 1083 932 δ’
1106 880 1219 946 ἀνδρῶν

199 971 266 1023 τούς
288 975 348 1023 τοῖς
371 971 490 1035 ςώμαςιν
514 970 699 1036 ἀπειρηκότας
722 972 767 1022 καί
790 975 849 1023 ταῖς
874 969 990 1035 ἡλικίαις
1015 969 1219 1036 πρεςβυτέρους

199 1062 244 1112 καί
268 1059 324 1111 ὑπὸ
346 1063 406 1112 τῶν
428 1059 525 1124 νόμων
543 1063 595 1111 τοῦ
615 1060 806 1124 ςτρατεύεςθαι
825 1059 995 1125 ἀφειμένους
1013 1058 1081 1112 ίδεῑν
1100 1058 1137 1123 ἦν
1155 1057 1220 1111 καθ’·

200 1149 269 1214 δ’λην
291 1150 345 1214 τὴν
368 1148 449 1200 πόλιν
472 1147 533 1200 τάπ’
556 1147 600 1200 έπλ
622 1147 718 1213 γήρως
744 1147 802 1215 ὀδῷ
827 1149 1106 1215 περιφθειρομένους,
1135 1149 1219 1200 διπλδ

159 1248 185 1286 ιο
199 1237 292 1302 ίμάτια
311 1235 600 1302 ἐμπεπορπημένους’.
1212 1257 1216 1269 ·

271 1360 336 1412 Lux.
356 1378 376 1413 s.
398 1377 492 1420 ονωιτ.
508 1378 535 1429 p.
553 1364 612 1425 192,
628 1365 675 1414 32;
695 1363 771 1428 περί
789 1362 931 1428 Κόδρου·
952 1361 978 1415 οί
996 1361 1218 1427 Πελοποννήςιοι

134 1450 184 1499 193
198 1452 386 1516 πολεμοῦντες
406 1448 570 1520 Ἀθηίναίοις
593 1451 693 1515 ἔλαβον
717 1451 839 1517 χρηςμδν
864 1452 901 1515 μή
926 1450 1087 1505 ἀποκτάναι
1111 1450 1218 1517 Κόδρον

198 1540 249 1592 τὸν
268 1540 385 1605 βαςιλέα.
424 1539 450 1592 οἱ
468 1541 499 1593 δέ
517 1540 573 1605 πρὸ
591 1544 643 1591 τοῦ
661 1539 772 1605 τείχους
791 1540 1033 1606 φρυγανιζόμενον
1052 1540 1219 1593 ἀπέκτειναν

199 1631 243 1682 καλ
262 1629 402 1694 ἀπέτυχον
420 1633 471 1695 τῆς
489 1628 574 1696 νίκης,

160 1765 185 1802 ιο
270 1753 335 1805 Lxx.
356 1771 377 1804 s.
398 1770 492 1813 ονιππ.
512 1771 539 1822 p.
561 1757 620 1818 192,
642 1757 687 1806 19;
716 1756 791 1820 περὶ
818 1758 884 1806 τῶν
910 1754 1042 1809 ἕνδεκα·
1070 1753 1149 1807 οῦτοι
1173 1769 1218 1806 τε·

199 1844 332 1907 ταγμένοι
350 1844 419 1909 ήςαν
438 1844 483 1897 ἐπὶ
500 1848 559 1896 τιῦν
578 1844 803 1909 κατακριθέντων
822 1843 944 1911 θανάτῳ.

271 1965 369 2020 ῦνιυιο
389 1966 434 2035 (οί.
449 1966 503 2021 lex.
519 1965 545 2019 S.
561 1965 650 2035 quini.
665 1984 693 2034 p.
708 1959 769 2033 298,
786 1969 841 2034 11):
860 1967 1051 2021 πλεονεξία·
1069 1967 1145 2033 παρὰ
1158 1973 1218 2020 τοῖς

200 2056 328 2123 ῥήτορςιν
352 2057 386 2109 ού
410 2058 497 2121 μόνον
521 2057 565 2109 ἐπὶ
587 2061 646 2109 τῦιν
669 2057 744 2122 παρὰ
767 2057 801 2108 τὸ
825 2056 932 2110 δίκαιον
955 2057 1109 2110 ἀξιούντων
1132 2057 1218 2109 πλέον

200 2146 284 2212 ἔχειν,
309 2147 353 2197 καί
376 2146 410 2198 τὸ
433 2148 669 2212 πλεονεκτεῖν,
694 2145 762 2198 ἀλλὰ
786 2149 831 2198 καί
855 2147 899 2199 ἐπὶ
921 2150 973 2198 τοῦ
988 2139 1137 2211 βελτίονος
1157 2145 1218 2198 ἑκά-

160 2245 185 2282 20
199 2250 281 2300 τερον
305 2234 401 2286 αὐτῶν
424 2235 536 2300 ἔταξαν,
561 2235 630 2286 ὅταν
652 2239 703 2286 τοῦ
728 2234 835 2297 ἀγαθοῦ
858 2235 944 2287 πλέον
968 2236 1017 2303 έχῃ
1040 2250 1082 2287 τις
1104 2223 1217 2308 ἑτέρων.

200 2324 346 2389 (οφοκλής
365 2320 444 2390 (Oed.
464 2322 495 2374 R.
517 2323 669 2390 380-382)

307 2413 330 2464 ιίι
350 2414 454 2464 πλοῦτε
473 2414 518 2464 καλ
536 2415 653 2478 τυραννὶ
671 2414 715 2464 καί
733 2413 818 2478 τέχνη
836 2409 937 2479 τέχνης

307 2501 504 2568 ύπερφέρουςα
522 2506 563 2569 τῷ
583 2501 731 2570 πολυζήλῳ
752 2500 810 2569 βίῳ,

308 2591 370 2642 ὅςας
389 2589 455 2657 παρ’
473 2591 538 2654 ύμῖν
557 2592 572 2643 δ
592 2591 699 2655 φθόνος
718 2591 892 2656 φυλάςςεται.

161 2727 186 2766 ιο
273 2711 383 2766 ῦνιυιοι
412 2713 639 2781 πραγματεία·
669 2715 722 2780 οὐχ
749 2715 788 2767 ὡς
816 2716 846 2768 έν
874 2720 908 2782 τῇ
937 2714 1067 2782 ςυνηθείᾳ
1095 2716 1139 2768 ἐπὶ
1166 2719 1218 2781 τῆς

200 2803 401 2870 πραγματείας,
428 2805 504 2856 ούτω
524 2806 568 2856 καί
587 2803 643 2856 ῦπδ
661 2807 720 2855 τῶν
739 2805 869 2870 ῥητόρων
887 2805 1017 2858 τέτακται
1035 2804 1079 2857 ἐπὶ
1097 2809 1155 2857 τῶν
1174 2804 1217 2871 ip·¹

200 2891 295 2956 γαςίας
321 2893 398 2945 τινὰς
426 2893 703 2958 μεταχειριζομένων,
737 2892 796 2945 ἀλλ’
823 2893 868 2946 έπί
894 2897 953 2945 τῶν
980 2893 1129 2960 πράγματα
1157 2910 1218 2947 ςυν·
1299 2903 1306 2922 '

201 2981 321 3034 ίςταςθαι
340 2981 567 3047 ἐπιχειρούντων,
590 2982 629 3034 ιύς
648 2980 802 3047 Δείναρχος
820 2981 851 3034 ἐν
869 2986 910 3050 τῷ
931 2982 1006 3036 Κατὰ
1025 2983 1216 3062 Μενεςαίχμου

272 3091 327 3139 25⁵
347 3085 384 3139 ad
402 3086 490 3140 uerba
516 3086 547 3140 ἐν
571 3094 604 3158 τῇ
631 3083 770 3160 συνηθείᾳ
791 3129 796 3139 .
817 3085 972 3142 ,τέτακται
999 3067 1034 3142 ci.
1053 3088 1138 3141 Dinis
1156 3088 1175 3142 l.
1195 3107 1216 3144 s.

201 3182 355 3243 p.xxvl11.
888 3179 891 3186 '
998 3175 1001 3180 “

274 3393 290 3438 4
309 3385 501 3456 περικείμενος
518 3387 692 3456 Bernhardy,
711 3386 905 3458 περικείμενον
923 3389 998 3443 libri.
1107 3397 1123 3444 6
1142 3397 1217 3445 Λεω-

203 3457 323 3526 κράτους
341 3458 513 3524 Μαιιιυαυιιε,
537 3459 728 3528 Τιμοκράτους
745 3459 819 3513 libri.
929 3467 1036 3515 21-24
1053 3462 1107 3516 hoe
1126 3478 1216 3517 exom-

203 3529 282 3598 plum
299 3528 372 3582 nihil
385 3529 478 3583 facere
493 3529 530 3582 ad
544 3549 570 3584 u.
585 3528 731 3595 πλεονεξία
746 3531 982 3586 Κιιοεδυςυιοιιοί.
1056 3538 1089 3587 28
1108 3538 1216 3590 Mem-
1264 3593 1267 3600 Ι
1313 3517 1314 3538 ¹

203 3597 303 3670 αίχμου
321 3599 495 3670 Bernhardy,
513 3599 666 3672 μεναίχμοιι
683 3600 757 3656 libri.
