<?xml version="1.0" encoding="UTF-8"?>
<!DOCTYPE html PUBLIC "-//W3C//DTD XHTML 1.0 Transitional//EN"
    "http://www.w3.org/TR/xhtml1/DTD/xhtml1-transitional.dtd">
<html xmlns="http://www.w3.org/1999/xhtml" xml:lang="en" lang="en">
 <head>
  <title>
</title>
<meta http-equiv="Content-Type" content="text/html;charset=utf-8" />
  <meta name='ocr-system' content='tesseract 3.04.00' />
  <meta name='ocr-capabilities' content='ocr_page ocr_carea ocr_par ocr_line ocrx_word'/>
</head>
<body>
  <div class='ocr_page' id='page_1' title='image "./caeciliicalacti00caecgoog_0223.png"; bbox 0 0 2664 3906; ppageno 0'>
   <div class='ocr_carea' id='block_1_1' title="bbox 199 213 1070 276">
    <p class='ocr_par' dir='ltr' id='par_1_1' title="bbox 199 213 1070 276">
     <span class='ocr_line' id='line_1_1' title="bbox 199 213 1070 276; baseline -0.001 -9"><span class='ocrx_word' id='word_1_1' title='bbox 199 213 263 276; x_wconf 79' lang='grc'>178</span> <span class='ocrx_word' id='word_1_2' title='bbox 334 216 396 266; x_wconf 86' lang='lat' dir='ltr'>XII.</span> <span class='ocrx_word' id='word_1_3' title='bbox 415 215 569 266; x_wconf 80' lang='grc' dir='ltr'><strong>ΕΚΑΟῙἯ</strong></span> <span class='ocrx_word' id='word_1_4' title='bbox 587 213 737 272; x_wconf 62' lang='lat' dir='ltr'><strong>laadan</strong></span> <span class='ocrx_word' id='word_1_5' title='bbox 756 215 852 265; x_wconf 85' lang='grc' dir='ltr'><strong>ΚΑΤΑ</strong></span> <span class='ocrx_word' id='word_1_6' title='bbox 870 215 1070 266; x_wconf 81' lang='grc' dir='ltr'>ΣΤΟΙΧΕΙΟΝ</span> 
     </span>
    </p>
   </div>
   <div class='ocr_carea' id='block_1_2' title="bbox 191 373 1209 530">
    <p class='ocr_par' dir='ltr' id='par_1_2' title="bbox 191 373 1209 530">
     <span class='ocr_line' id='line_1_2' title="bbox 261 373 1209 442; baseline 0.003 -17"><span class='ocrx_word' id='word_1_7' title='bbox 261 373 326 426; x_wconf 82' lang='lat' dir='ltr'><strong>Lnx.</strong></span> <span class='ocrx_word' id='word_1_8' title='bbox 346 391 366 426; x_wconf 82' lang='grc' dir='ltr'>ε.</span> <span class='ocrx_word' id='word_1_9' title='bbox 388 392 482 434; x_wconf 69' lang='lat' dir='ltr'><strong>aynan.</strong></span> <span class='ocrx_word' id='word_1_10' title='bbox 501 391 528 442; x_wconf 91' lang='lat' dir='ltr'>p.</span> <span class='ocrx_word' id='word_1_11' title='bbox 550 378 610 440; x_wconf 86' lang='grc'>193,</span> <span class='ocrx_word' id='word_1_12' title='bbox 631 378 676 430; x_wconf 82' lang='lat'>10:</span> <span class='ocrx_word' id='word_1_13' title='bbox 702 377 929 440; x_wconf 82' lang='grc' dir='ltr'>παλαμναῖος·</span> <span class='ocrx_word' id='word_1_14' title='bbox 956 377 972 428; x_wconf 86' lang='grc' dir='ltr'>ὁ</span> <span class='ocrx_word' id='word_1_15' title='bbox 998 374 1105 440; x_wconf 86' lang='grc' dir='ltr'>δαίμων</span> <span class='ocrx_word' id='word_1_16' title='bbox 1131 376 1146 428; x_wconf 88' lang='grc' dir='ltr'>ὁ</span> <span class='ocrx_word' id='word_1_17' title='bbox 1172 375 1209 428; x_wconf 82' lang='grc' dir='ltr'>τὰ</span> 
     </span>
     <span class='ocr_line' id='line_1_3' title="bbox 191 463 730 530; baseline 0 -14"><span class='ocrx_word' id='word_1_18' title='bbox 191 463 261 530; x_wconf 80' lang='grc' dir='ltr'>μύςη</span> <span class='ocrx_word' id='word_1_19' title='bbox 281 464 379 516; x_wconf 77' lang='grc' dir='ltr'>καὶτὰ</span> <span class='ocrx_word' id='word_1_20' title='bbox 399 463 535 529; x_wconf 88' lang='grc' dir='ltr'>μιάςματα</span> <span class='ocrx_word' id='word_1_21' title='bbox 554 464 730 530; x_wconf 82' lang='grc' dir='ltr'>ἀποτρέπων.</span> 
     </span>
    </p>
   </div>
   <div class='ocr_carea' id='block_1_3' title="bbox 190 593 1209 753">
    <p class='ocr_par' dir='ltr' id='par_1_3' title="bbox 190 593 1209 753">
     <span class='ocr_line' id='line_1_4' title="bbox 263 593 1209 666; baseline 0.002 -18"><span class='ocrx_word' id='word_1_22' title='bbox 263 594 361 648; x_wconf 75' lang='grc' dir='ltr'>θνιοιε</span> <span class='ocrx_word' id='word_1_23' title='bbox 381 594 427 662; x_wconf 84' lang='lat' dir='ltr'><strong>(ef.</strong></span> <span class='ocrx_word' id='word_1_24' title='bbox 447 593 561 664; x_wconf 83' lang='lat' dir='ltr'><strong>Gregor.</strong></span> <span class='ocrx_word' id='word_1_25' title='bbox 583 593 706 649; x_wconf 67' lang='lat' dir='ltr'><strong>Corinth.</strong></span> <span class='ocrx_word' id='word_1_26' title='bbox 725 603 769 648; x_wconf 75' lang='lat' dir='ltr'>vn</span> <span class='ocrx_word' id='word_1_27' title='bbox 787 600 803 647; x_wconf 79' lang='lat'>2</span> <span class='ocrx_word' id='word_1_28' title='bbox 822 613 849 664; x_wconf 85' lang='lat' dir='ltr'>p.</span> <span class='ocrx_word' id='word_1_29' title='bbox 871 600 952 661; x_wconf 80' lang='lat'>1120,</span> <span class='ocrx_word' id='word_1_30' title='bbox 974 601 988 648; x_wconf 82' lang='lat'>7</span> <span class='ocrx_word' id='word_1_31' title='bbox 1007 595 1076 666; x_wconf 91' lang='lat' dir='ltr'><strong>W.):</strong></span> <span class='ocrx_word' id='word_1_32' title='bbox 1102 613 1209 664; x_wconf 88' lang='grc' dir='ltr'>παρα-</span> 
     </span>
     <span class='ocr_line' id='line_1_5' title="bbox 190 685 1208 753; baseline 0 -15"><span class='ocrx_word' id='word_1_33' title='bbox 190 685 319 752; x_wconf 82' lang='grc' dir='ltr'>γραφή·</span> <span class='ocrx_word' id='word_1_34' title='bbox 339 686 408 738; x_wconf 81' lang='grc' dir='ltr'>ὅταν</span> <span class='ocrx_word' id='word_1_35' title='bbox 427 685 494 753; x_wconf 86' lang='grc' dir='ltr'>λέγῃ</span> <span class='ocrx_word' id='word_1_36' title='bbox 513 701 555 738; x_wconf 91' lang='grc' dir='ltr'>τις</span> <span class='ocrx_word' id='word_1_37' title='bbox 571 687 615 738; x_wconf 89' lang='grc' dir='ltr'>ὅτι</span> <span class='ocrx_word' id='word_1_38' title='bbox 628 686 662 738; x_wconf 89' lang='grc' dir='ltr'>τὸ</span> <span class='ocrx_word' id='word_1_39' title='bbox 676 690 797 752; x_wconf 82' lang='grc' dir='ltr'>πρᾶγμα,</span> <span class='ocrx_word' id='word_1_40' title='bbox 817 687 880 752; x_wconf 78' lang='grc' dir='ltr'>περὶ</span> <span class='ocrx_word' id='word_1_41' title='bbox 893 685 928 739; x_wconf 83' lang='grc' dir='ltr'>αὖ</span> <span class='ocrx_word' id='word_1_42' title='bbox 941 687 975 738; x_wconf 87' lang='grc' dir='ltr'>τὸ</span> <span class='ocrx_word' id='word_1_43' title='bbox 990 687 1112 752; x_wconf 84' lang='grc' dir='ltr'>ἔγκλημά</span> <span class='ocrx_word' id='word_1_44' title='bbox 1126 686 1208 752; x_wconf 88' lang='grc' dir='ltr'>ἐςτιν,</span> 
     </span>
    </p>
   </div>
   <div class='ocr_carea' id='block_1_4' title="bbox 163 761 1324 842">
    <p class='ocr_par' dir='ltr' id='par_1_4' title="bbox 163 761 1324 842">
     <span class='ocr_line' id='line_1_6' title="bbox 163 761 1324 842; baseline -0.002 -14"><span class='ocrx_word' id='word_1_45' title='bbox 163 773 303 840; x_wconf 70' lang='grc' dir='ltr'>δείςὴχθη</span> <span class='ocrx_word' id='word_1_46' title='bbox 322 774 460 840; x_wconf 85' lang='grc' dir='ltr'>πρότερον</span> <span class='ocrx_word' id='word_1_47' title='bbox 480 773 519 828; x_wconf 83' lang='grc' dir='ltr'>εἰς</span> <span class='ocrx_word' id='word_1_48' title='bbox 537 775 713 842; x_wconf 78' lang='grc' dir='ltr'>δικαετὴριον</span> <span class='ocrx_word' id='word_1_49' title='bbox 731 777 776 829; x_wconf 84' lang='grc' dir='ltr'>καὶ</span> <span class='ocrx_word' id='word_1_50' title='bbox 793 775 940 842; x_wconf 85' lang='grc' dir='ltr'>γεγένηται</span> <span class='ocrx_word' id='word_1_51' title='bbox 957 778 1020 842; x_wconf 84' lang='grc' dir='ltr'>περὶ</span> <span class='ocrx_word' id='word_1_52' title='bbox 1035 776 1122 828; x_wconf 72' lang='lat' dir='ltr'><strong>atnoe</strong></span> <span class='ocrx_word' id='word_1_53' title='bbox 1136 779 1209 838; x_wconf 82' lang='grc' dir='ltr'>γνῶ-</span> <span class='ocrx_word' id='word_1_54' title='bbox 1307 761 1324 782; x_wconf 74' lang='grc'><strong>”</strong></span> 
     </span>
    </p>
   </div>
   <div class='ocr_carea' id='block_1_5' title="bbox 152 863 1211 1643">
    <p class='ocr_par' dir='ltr' id='par_1_5' title="bbox 152 863 1211 1643">
     <span class='ocr_line' id='line_1_7' title="bbox 192 863 1209 930; baseline 0.002 -14"><span class='ocrx_word' id='word_1_55' title='bbox 192 879 242 930; x_wconf 85' lang='grc' dir='ltr'>ςις,</span> <span class='ocrx_word' id='word_1_56' title='bbox 264 866 309 917; x_wconf 74' lang='grc' dir='ltr'>καὶ</span> <span class='ocrx_word' id='word_1_57' title='bbox 328 864 373 916; x_wconf 87' lang='grc' dir='ltr'>διὰ</span> <span class='ocrx_word' id='word_1_58' title='bbox 391 865 478 917; x_wconf 87' lang='grc' dir='ltr'>τοδτό</span> <span class='ocrx_word' id='word_1_59' title='bbox 497 879 564 930; x_wconf 99' lang='grc' dir='ltr'>φηςι</span> <span class='ocrx_word' id='word_1_60' title='bbox 584 866 621 929; x_wconf 88' lang='grc' dir='ltr'>μὴ</span> <span class='ocrx_word' id='word_1_61' title='bbox 641 865 699 916; x_wconf 81' lang='grc' dir='ltr'>δεῖν</span> <span class='ocrx_word' id='word_1_62' title='bbox 718 865 758 917; x_wconf 87' lang='grc' dir='ltr'>ἔτι</span> <span class='ocrx_word' id='word_1_63' title='bbox 776 865 839 930; x_wconf 76' lang='grc' dir='ltr'>περὶ</span> <span class='ocrx_word' id='word_1_64' title='bbox 857 863 945 916; x_wconf 81' lang='grc' dir='ltr'>αὐτοῦ</span> <span class='ocrx_word' id='word_1_65' title='bbox 965 864 1136 918; x_wconf 86' lang='grc' dir='ltr'>ςυνίςταςθαι</span> <span class='ocrx_word' id='word_1_66' title='bbox 1153 863 1209 930; x_wconf 78' lang='grc' dir='ltr'>κρί-</span> 
     </span>
     <span class='ocr_line' id='line_1_8' title="bbox 191 951 1209 1018; baseline 0.003 -14"><span class='ocrx_word' id='word_1_67' title='bbox 191 967 244 1004; x_wconf 88' lang='grc' dir='ltr'>ςιν’</span> <span class='ocrx_word' id='word_1_68' title='bbox 278 952 391 1016; x_wconf 87' lang='grc' dir='ltr'>μάλιςτα</span> <span class='ocrx_word' id='word_1_69' title='bbox 420 953 451 1005; x_wconf 83' lang='grc' dir='ltr'>δὲ</span> <span class='ocrx_word' id='word_1_70' title='bbox 478 955 545 1005; x_wconf 90' lang='grc' dir='ltr'>τοὺς</span> <span class='ocrx_word' id='word_1_71' title='bbox 572 953 677 1018; x_wconf 85' lang='grc' dir='ltr'>νόμους</span> <span class='ocrx_word' id='word_1_72' title='bbox 705 952 885 1016; x_wconf 84' lang='grc' dir='ltr'>ἀναγινώςκει</span> <span class='ocrx_word' id='word_1_73' title='bbox 912 958 971 1005; x_wconf 82' lang='grc' dir='ltr'>τοῖς</span> <span class='ocrx_word' id='word_1_74' title='bbox 998 955 1147 1018; x_wconf 87' lang='grc' dir='ltr'>δικαςταῑς,</span> <span class='ocrx_word' id='word_1_75' title='bbox 1181 951 1209 1008; x_wconf 83' lang='grc' dir='ltr'>οἳ</span> 
     </span>
     <span class='ocr_line' id='line_1_9' title="bbox 189 1040 1208 1108; baseline 0.002 -16"><span class='ocrx_word' id='word_1_76' title='bbox 189 1040 336 1093; x_wconf 73' lang='grc' dir='ltr'>πλεονάκις</span> <span class='ocrx_word' id='word_1_77' title='bbox 359 1040 513 1096; x_wconf 83' lang='grc' dir='ltr'>δικάζεςθαι</span> <span class='ocrx_word' id='word_1_78' title='bbox 535 1044 598 1108; x_wconf 89' lang='grc' dir='ltr'>περΙ</span> <span class='ocrx_word' id='word_1_79' title='bbox 621 1046 679 1094; x_wconf 83' lang='grc' dir='ltr'>τῶν</span> <span class='ocrx_word' id='word_1_80' title='bbox 703 1042 798 1094; x_wconf 85' lang='grc' dir='ltr'>αὐτῶν</span> <span class='ocrx_word' id='word_1_81' title='bbox 821 1041 855 1094; x_wconf 84' lang='grc' dir='ltr'>οὐ</span> <span class='ocrx_word' id='word_1_82' title='bbox 876 1046 1059 1108; x_wconf 78' lang='grc' dir='ltr'>ςυγχυιροδςι,</span> <span class='ocrx_word' id='word_1_83' title='bbox 1085 1042 1158 1105; x_wconf 84' lang='grc' dir='ltr'>λέγει</span> <span class='ocrx_word' id='word_1_84' title='bbox 1176 1042 1208 1096; x_wconf 85' lang='grc' dir='ltr'>δὲ</span> 
     </span>
     <span class='ocr_line' id='line_1_10' title="bbox 190 1130 1210 1198; baseline 0.002 -16"><span class='ocrx_word' id='word_1_85' title='bbox 190 1131 253 1195; x_wconf 84' lang='grc' dir='ltr'>περί</span> <span class='ocrx_word' id='word_1_86' title='bbox 272 1130 360 1182; x_wconf 80' lang='grc' dir='ltr'>αὐτοῦ</span> <span class='ocrx_word' id='word_1_87' title='bbox 380 1131 612 1197; x_wconf 78' lang='grc' dir='ltr'>τοῦπράγματος</span> <span class='ocrx_word' id='word_1_88' title='bbox 631 1131 700 1197; x_wconf 81' lang='grc' dir='ltr'>ἅμα,</span> <span class='ocrx_word' id='word_1_89' title='bbox 722 1135 781 1182; x_wconf 84' lang='grc' dir='ltr'>τοῖς</span> <span class='ocrx_word' id='word_1_90' title='bbox 799 1131 936 1183; x_wconf 80' lang='grc' dir='ltr'>δικαςταῑς</span> <span class='ocrx_word' id='word_1_91' title='bbox 954 1132 1150 1198; x_wconf 89' lang='grc' dir='ltr'>παραδεικνύς,</span> <span class='ocrx_word' id='word_1_92' title='bbox 1169 1132 1210 1184; x_wconf 84' lang='grc' dir='ltr'>ὡς</span> 
     </span>
     <span class='ocr_line' id='line_1_11' title="bbox 152 1217 1210 1285; baseline -0.003 -10"><span class='ocrx_word' id='word_1_93' title='bbox 152 1235 178 1274; x_wconf 86' lang='lat'>10</span> <span class='ocrx_word' id='word_1_94' title='bbox 192 1217 219 1270; x_wconf 81' lang='lat' dir='ltr'>ol</span> <span class='ocrx_word' id='word_1_95' title='bbox 240 1217 325 1270; x_wconf 88' lang='grc' dir='ltr'>πάλαι</span> <span class='ocrx_word' id='word_1_96' title='bbox 349 1219 508 1272; x_wconf 83' lang='grc' dir='ltr'>δικάςαντες</span> <span class='ocrx_word' id='word_1_97' title='bbox 531 1222 576 1272; x_wconf 85' lang='grc' dir='ltr'>καὶ</span> <span class='ocrx_word' id='word_1_98' title='bbox 600 1219 712 1272; x_wconf 82' lang='grc' dir='ltr'>δικαίως</span> <span class='ocrx_word' id='word_1_99' title='bbox 734 1221 779 1271; x_wconf 81' lang='grc' dir='ltr'>καὶ</span> <span class='ocrx_word' id='word_1_100' title='bbox 801 1219 873 1271; x_wconf 86' lang='grc' dir='ltr'>κατὰ</span> <span class='ocrx_word' id='word_1_101' title='bbox 894 1220 962 1272; x_wconf 90' lang='grc' dir='ltr'>τοὺς</span> <span class='ocrx_word' id='word_1_102' title='bbox 984 1221 1089 1284; x_wconf 89' lang='grc' dir='ltr'>νόμους</span> <span class='ocrx_word' id='word_1_103' title='bbox 1107 1218 1210 1285; x_wconf 78' lang='grc' dir='ltr'>ἐψηφί-</span> 
     </span>
     <span class='ocr_line' id='line_1_12' title="bbox 192 1307 1209 1376; baseline 0 -16"><span class='ocrx_word' id='word_1_104' title='bbox 192 1323 287 1373; x_wconf 88' lang='grc' dir='ltr'>ςαντο,</span> <span class='ocrx_word' id='word_1_105' title='bbox 316 1310 361 1360; x_wconf 79' lang='grc' dir='ltr'>καὶ</span> <span class='ocrx_word' id='word_1_106' title='bbox 389 1309 475 1361; x_wconf 78' lang='grc' dir='ltr'>τοῦτό</span> <span class='ocrx_word' id='word_1_107' title='bbox 506 1307 561 1360; x_wconf 82' lang='grc' dir='ltr'>ὲςτι</span> <span class='ocrx_word' id='word_1_108' title='bbox 590 1307 771 1374; x_wconf 88' lang='grc' dir='ltr'>παραγραφή.</span> <span class='ocrx_word' id='word_1_109' title='bbox 814 1310 859 1360; x_wconf 72' lang='grc' dir='ltr'>καὶ</span> <span class='ocrx_word' id='word_1_110' title='bbox 886 1307 931 1360; x_wconf 79' lang='grc' dir='ltr'>ἐπ’</span> <span class='ocrx_word' id='word_1_111' title='bbox 955 1307 1045 1374; x_wconf 82' lang='grc' dir='ltr'>ἐκείνη</span> <span class='ocrx_word' id='word_1_112' title='bbox 1073 1314 1108 1376; x_wconf 79' lang='grc' dir='ltr'>τῃ</span> <span class='ocrx_word' id='word_1_113' title='bbox 1137 1307 1209 1376; x_wconf 81' lang='grc' dir='ltr'>δίκη,</span> 
     </span>
     <span class='ocr_line' id='line_1_13' title="bbox 191 1395 1210 1463; baseline -0.001 -13"><span class='ocrx_word' id='word_1_114' title='bbox 191 1399 254 1462; x_wconf 87' lang='grc' dir='ltr'>περὶ</span> <span class='ocrx_word' id='word_1_115' title='bbox 281 1395 315 1461; x_wconf 81' lang='grc' dir='ltr'>ἧς</span> <span class='ocrx_word' id='word_1_116' title='bbox 343 1396 426 1449; x_wconf 87' lang='grc' dir='ltr'>οὐδέν</span> <span class='ocrx_word' id='word_1_117' title='bbox 454 1397 566 1463; x_wconf 81' lang='grc' dir='ltr'>ὥριςται</span> <span class='ocrx_word' id='word_1_118' title='bbox 593 1397 669 1463; x_wconf 86' lang='grc' dir='ltr'>παρὰ</span> <span class='ocrx_word' id='word_1_119' title='bbox 696 1402 754 1449; x_wconf 81' lang='grc' dir='ltr'>τοῖς</span> <span class='ocrx_word' id='word_1_120' title='bbox 781 1397 892 1463; x_wconf 86' lang='grc' dir='ltr'>νόμοις,</span> <span class='ocrx_word' id='word_1_121' title='bbox 924 1397 992 1450; x_wconf 83' lang='grc' dir='ltr'>οὐδὲ</span> <span class='ocrx_word' id='word_1_122' title='bbox 1019 1398 1091 1450; x_wconf 86' lang='grc' dir='ltr'>ἐςτιν</span> <span class='ocrx_word' id='word_1_123' title='bbox 1119 1397 1210 1462; x_wconf 84' lang='grc' dir='ltr'>αὐτὴν</span> 
     </span>
     <span class='ocr_line' id='line_1_14' title="bbox 192 1483 1211 1552; baseline 0 -14"><span class='ocrx_word' id='word_1_124' title='bbox 192 1487 208 1538; x_wconf 88' lang='grc' dir='ltr'>ὁ</span> <span class='ocrx_word' id='word_1_125' title='bbox 232 1483 359 1551; x_wconf 82' lang='grc' dir='ltr'>εἰςάξων,</span> <span class='ocrx_word' id='word_1_126' title='bbox 383 1486 475 1550; x_wconf 84' lang='grc' dir='ltr'>ὥςπερ</span> <span class='ocrx_word' id='word_1_127' title='bbox 499 1487 544 1537; x_wconf 81' lang='grc' dir='ltr'>καλ</span> <span class='ocrx_word' id='word_1_128' title='bbox 566 1486 616 1539; x_wconf 81' lang='grc' dir='ltr'>τὰς</span> <span class='ocrx_word' id='word_1_129' title='bbox 639 1486 723 1538; x_wconf 81' lang='grc' dir='ltr'>ἄλλας</span> <span class='ocrx_word' id='word_1_130' title='bbox 747 1484 835 1538; x_wconf 77' lang='grc' dir='ltr'>δίκας·</span> <span class='ocrx_word' id='word_1_131' title='bbox 864 1490 923 1538; x_wconf 85' lang='grc' dir='ltr'>τῶν</span> <span class='ocrx_word' id='word_1_132' title='bbox 941 1486 994 1552; x_wconf 88' lang='grc' dir='ltr'>γὰρ</span> <span class='ocrx_word' id='word_1_133' title='bbox 1013 1485 1105 1539; x_wconf 77' lang='grc' dir='ltr'>ἄλλων</span> <span class='ocrx_word' id='word_1_134' title='bbox 1124 1487 1211 1538; x_wconf 85' lang='grc' dir='ltr'>δικῶν</span> 
     </span>
     <span class='ocr_line' id='line_1_15' title="bbox 191 1573 1211 1643; baseline -0.002 -15"><span class='ocrx_word' id='word_1_135' title='bbox 191 1575 392 1641; x_wconf 88' lang='grc' dir='ltr'>προςτέτακται</span> <span class='ocrx_word' id='word_1_136' title='bbox 416 1575 521 1643; x_wconf 82' lang='grc' dir='ltr'>ἑκάςτῳ</span> <span class='ocrx_word' id='word_1_137' title='bbox 544 1580 603 1628; x_wconf 83' lang='grc' dir='ltr'>τῶν</span> <span class='ocrx_word' id='word_1_138' title='bbox 627 1576 657 1628; x_wconf 89' lang='grc' dir='ltr'>ἐν</span> <span class='ocrx_word' id='word_1_139' title='bbox 680 1580 740 1627; x_wconf 83' lang='grc' dir='ltr'>ταῖς</span> <span class='ocrx_word' id='word_1_140' title='bbox 763 1575 859 1641; x_wconf 81' lang='grc' dir='ltr'>ἀρχαῖς</span> <span class='ocrx_word' id='word_1_141' title='bbox 882 1573 998 1638; x_wconf 82' lang='grc' dir='ltr'>είςάγειν</span> <span class='ocrx_word' id='word_1_142' title='bbox 1016 1575 1086 1628; x_wconf 84' lang='grc' dir='ltr'>τινά.</span> <span class='ocrx_word' id='word_1_143' title='bbox 1123 1590 1211 1641; x_wconf 90' lang='grc' dir='ltr'>παρα-</span> 
     </span>
    </p>
   </div>
   <div class='ocr_carea' id='block_1_6' title="bbox 153 1662 1324 1730">
    <p class='ocr_par' dir='ltr' id='par_1_6' title="bbox 153 1662 1324 1730">
     <span class='ocr_line' id='line_1_16' title="bbox 153 1662 1324 1730; baseline -0.005 -10"><span class='ocrx_word' id='word_1_144' title='bbox 153 1679 178 1720; x_wconf 81' lang='lat'>15</span> <span class='ocrx_word' id='word_1_145' title='bbox 192 1663 347 1730; x_wconf 85' lang='grc' dir='ltr'>γράφεςθαι</span> <span class='ocrx_word' id='word_1_146' title='bbox 366 1664 417 1715; x_wconf 80' lang='grc' dir='ltr'>οὖν</span> <span class='ocrx_word' id='word_1_147' title='bbox 436 1662 545 1730; x_wconf 79' lang='grc' dir='ltr'>ἐφεῖται</span> <span class='ocrx_word' id='word_1_148' title='bbox 564 1666 608 1716; x_wconf 77' lang='grc' dir='ltr'>καὶ</span> <span class='ocrx_word' id='word_1_149' title='bbox 626 1670 685 1717; x_wconf 81' lang='grc' dir='ltr'>τοῖς</span> <span class='ocrx_word' id='word_1_150' title='bbox 702 1665 839 1718; x_wconf 85' lang='grc' dir='ltr'>τοςοθτόν</span> <span class='ocrx_word' id='word_1_151' title='bbox 857 1680 884 1716; x_wconf 92' lang='grc' dir='ltr'>τι</span> <span class='ocrx_word' id='word_1_152' title='bbox 902 1663 1126 1730; x_wconf 89' lang='grc' dir='ltr'>ἐγκαλουμένοις,</span> <span class='ocrx_word' id='word_1_153' title='bbox 1147 1665 1212 1729; x_wconf 79' lang='grc' dir='ltr'>περὶ</span> <span class='ocrx_word' id='word_1_154' title='bbox 1306 1695 1324 1712; x_wconf 58' lang='grc' dir='ltr'>ι.</span> 
     </span>
    </p>
   </div>
   <div class='ocr_carea' id='block_1_7' title="bbox 191 1752 524 1819">
    <p class='ocr_par' dir='ltr' id='par_1_7' title="bbox 191 1752 524 1819">
     <span class='ocr_line' id='line_1_17' title="bbox 191 1752 524 1819; baseline 0 -15"><span class='ocrx_word' id='word_1_155' title='bbox 191 1752 226 1805; x_wconf 82' lang='grc' dir='ltr'>οὖ</span> <span class='ocrx_word' id='word_1_156' title='bbox 246 1753 280 1805; x_wconf 85' lang='grc' dir='ltr'>οὐ</span> <span class='ocrx_word' id='word_1_157' title='bbox 299 1752 524 1819; x_wconf 87' lang='grc' dir='ltr'>νενομοθέτηται.</span> 
     </span>
    </p>
   </div>
   <div class='ocr_carea' id='block_1_8' title="bbox 192 1885 1211 2044">
    <p class='ocr_par' dir='ltr' id='par_1_8' title="bbox 192 1885 1211 2044">
     <span class='ocr_line' id='line_1_18' title="bbox 263 1885 1211 1955; baseline 0 -17"><span class='ocrx_word' id='word_1_158' title='bbox 263 1885 327 1940; x_wconf 77' lang='lat' dir='ltr'><strong>Lex.</strong></span> <span class='ocrx_word' id='word_1_159' title='bbox 348 1903 369 1940; x_wconf 85' lang='grc' dir='ltr'>ε.</span> <span class='ocrx_word' id='word_1_160' title='bbox 391 1904 485 1947; x_wconf 74' lang='lat' dir='ltr'><strong>evm.</strong></span> <span class='ocrx_word' id='word_1_161' title='bbox 505 1904 533 1955; x_wconf 87' lang='lat' dir='ltr'>p.</span> <span class='ocrx_word' id='word_1_162' title='bbox 554 1889 618 1951; x_wconf 78' lang='lat'>192,</span> <span class='ocrx_word' id='word_1_163' title='bbox 640 1890 685 1940; x_wconf 79' lang='lat'>15:</span> <span class='ocrx_word' id='word_1_164' title='bbox 712 1889 1021 1952; x_wconf 81' lang='grc' dir='ltr'>παρακαταβαλεῖν·</span> <span class='ocrx_word' id='word_1_165' title='bbox 1047 1887 1080 1939; x_wconf 91' lang='grc' dir='ltr'>τὸ</span> <span class='ocrx_word' id='word_1_166' title='bbox 1104 1887 1211 1940; x_wconf 87' lang='grc' dir='ltr'>διδόναι</span> 
     </span>
     <span class='ocr_line' id='line_1_19' title="bbox 192 1976 630 2044; baseline -0.002 -16"><span class='ocrx_word' id='word_1_167' title='bbox 192 1976 301 2044; x_wconf 82' lang='grc' dir='ltr'>ἐγγύας,</span> <span class='ocrx_word' id='word_1_168' title='bbox 321 1978 364 2031; x_wconf 80' lang='grc' dir='ltr'>δτι</span> <span class='ocrx_word' id='word_1_169' title='bbox 382 1976 496 2031; x_wconf 81' lang='grc' dir='ltr'>δικαίαις</span> <span class='ocrx_word' id='word_1_170' title='bbox 514 1977 630 2029; x_wconf 80' lang='grc' dir='ltr'>ἀπαιτεῖ.</span> 
     </span>
    </p>
   </div>
   <div class='ocr_carea' id='block_1_9' title="bbox 264 2107 1148 2176">
    <p class='ocr_par' dir='ltr' id='par_1_9' title="bbox 264 2107 1148 2176">
     <span class='ocr_line' id='line_1_20' title="bbox 264 2107 1148 2176; baseline 0.001 -16"><span class='ocrx_word' id='word_1_171' title='bbox 264 2107 328 2160; x_wconf 78' lang='lat' dir='ltr'><strong>Lex.</strong></span> <span class='ocrx_word' id='word_1_172' title='bbox 349 2127 370 2160; x_wconf 84' lang='lat' dir='ltr'><strong>a.</strong></span> <span class='ocrx_word' id='word_1_173' title='bbox 391 2126 485 2169; x_wconf 71' lang='grc' dir='ltr'>ανκοπ.</span> <span class='ocrx_word' id='word_1_174' title='bbox 505 2125 532 2176; x_wconf 91' lang='lat' dir='ltr'>p.</span> <span class='ocrx_word' id='word_1_175' title='bbox 555 2113 615 2174; x_wconf 86' lang='grc'>199,</span> <span class='ocrx_word' id='word_1_176' title='bbox 635 2113 664 2162; x_wconf 75' lang='grc' dir='ltr'>θε</span> <span class='ocrx_word' id='word_1_177' title='bbox 683 2109 980 2176; x_wconf 75' lang='grc' dir='ltr'>παραλογίζεςθαι·</span> <span class='ocrx_word' id='word_1_178' title='bbox 1001 2109 1148 2162; x_wconf 77' lang='grc' dir='ltr'>ἐξαπατᾶν.</span> 
     </span>
    </p>
   </div>
   <div class='ocr_carea' id='block_1_10' title="bbox 153 2241 1210 2399">
    <p class='ocr_par' dir='ltr' id='par_1_10' title="bbox 153 2241 1210 2399">
     <span class='ocr_line' id='line_1_21' title="bbox 153 2241 1210 2310; baseline 0 -17"><span class='ocrx_word' id='word_1_179' title='bbox 153 2259 179 2300; x_wconf 74' lang='grc' dir='ltr'>να</span> <span class='ocrx_word' id='word_1_180' title='bbox 265 2241 322 2293; x_wconf 79' lang='lat' dir='ltr'><strong>Lax</strong></span> <span class='ocrx_word' id='word_1_181' title='bbox 351 2260 372 2294; x_wconf 82' lang='lat' dir='ltr'><strong>a.</strong></span> <span class='ocrx_word' id='word_1_182' title='bbox 392 2259 488 2302; x_wconf 75' lang='grc' dir='ltr'>ανιππ.</span> <span class='ocrx_word' id='word_1_183' title='bbox 507 2259 534 2310; x_wconf 90' lang='lat' dir='ltr'>p.</span> <span class='ocrx_word' id='word_1_184' title='bbox 556 2246 616 2308; x_wconf 82' lang='lat'>193,</span> <span class='ocrx_word' id='word_1_185' title='bbox 635 2245 664 2295; x_wconf 89' lang='lat'>8:</span> <span class='ocrx_word' id='word_1_186' title='bbox 693 2242 899 2308; x_wconf 86' lang='grc' dir='ltr'>παρανόμων</span> <span class='ocrx_word' id='word_1_187' title='bbox 925 2241 1052 2308; x_wconf 81' lang='grc' dir='ltr'>γραφή·</span> <span class='ocrx_word' id='word_1_188' title='bbox 1079 2243 1127 2294; x_wconf 85' lang='grc' dir='ltr'>ὅτε</span> <span class='ocrx_word' id='word_1_189' title='bbox 1150 2241 1210 2310; x_wconf 79' lang='grc' dir='ltr'>ἁλῷ</span> 
     </span>
     <span class='ocr_line' id='line_1_22' title="bbox 191 2332 841 2399; baseline -0.002 -14"><span class='ocrx_word' id='word_1_190' title='bbox 191 2348 233 2385; x_wconf 90' lang='grc' dir='ltr'>τις</span> <span class='ocrx_word' id='word_1_191' title='bbox 251 2332 466 2399; x_wconf 82' lang='grc' dir='ltr'>προαμαρτήςας</span> <span class='ocrx_word' id='word_1_192' title='bbox 485 2333 530 2383; x_wconf 75' lang='grc' dir='ltr'>καὶ</span> <span class='ocrx_word' id='word_1_193' title='bbox 548 2335 700 2399; x_wconf 81' lang='grc' dir='ltr'>κατακριθῇ</span> <span class='ocrx_word' id='word_1_194' title='bbox 720 2333 841 2399; x_wconf 83' lang='grc' dir='ltr'>θανάτῳ.</span> 
     </span>
    </p>
   </div>
   <div class='ocr_carea' id='block_1_11' title="bbox 193 2463 1210 2619">
    <p class='ocr_par' dir='ltr' id='par_1_11' title="bbox 193 2463 1210 2619">
     <span class='ocr_line' id='line_1_23' title="bbox 264 2463 1210 2534; baseline 0 -18"><span class='ocrx_word' id='word_1_195' title='bbox 264 2463 329 2518; x_wconf 84' lang='lat' dir='ltr'><strong>Lnx.</strong></span> <span class='ocrx_word' id='word_1_196' title='bbox 350 2483 371 2516; x_wconf 85' lang='grc' dir='ltr'>ε.</span> <span class='ocrx_word' id='word_1_197' title='bbox 392 2482 487 2524; x_wconf 74' lang='lat' dir='ltr'><strong>evm.</strong></span> <span class='ocrx_word' id='word_1_198' title='bbox 507 2481 534 2531; x_wconf 89' lang='lat' dir='ltr'>p.</span> <span class='ocrx_word' id='word_1_199' title='bbox 556 2468 616 2529; x_wconf 80' lang='grc'>192,</span> <span class='ocrx_word' id='word_1_200' title='bbox 636 2468 683 2517; x_wconf 78' lang='lat'>25:</span> <span class='ocrx_word' id='word_1_201' title='bbox 709 2466 907 2531; x_wconf 83' lang='grc' dir='ltr'>παράςημος</span> <span class='ocrx_word' id='word_1_202' title='bbox 930 2464 1055 2530; x_wconf 85' lang='grc' dir='ltr'>ῥήτωρ·</span> <span class='ocrx_word' id='word_1_203' title='bbox 1082 2465 1210 2534; x_wconf 88' lang='grc' dir='ltr'>όνὸθος,</span> 
     </span>
     <span class='ocr_line' id='line_1_24' title="bbox 193 2554 512 2619; baseline 0 -12"><span class='ocrx_word' id='word_1_204' title='bbox 193 2554 249 2607; x_wconf 86' lang='grc' dir='ltr'>ἀπὸ</span> <span class='ocrx_word' id='word_1_205' title='bbox 267 2559 319 2607; x_wconf 84' lang='grc' dir='ltr'>τοῦ</span> <span class='ocrx_word' id='word_1_206' title='bbox 338 2554 512 2619; x_wconf 86' lang='grc' dir='ltr'>νομίςματος.</span> 
     </span>
    </p>
   </div>
   <div class='ocr_carea' id='block_1_12' title="bbox 155 2684 1211 2843">
    <p class='ocr_par' dir='ltr' id='par_1_12' title="bbox 155 2684 1211 2843">
     <span class='ocr_line' id='line_1_25' title="bbox 266 2684 1211 2755; baseline 0.001 -17"><span class='ocrx_word' id='word_1_207' title='bbox 266 2685 364 2738; x_wconf 71' lang='lat' dir='ltr'><strong>Svrnaa</strong></span> <span class='ocrx_word' id='word_1_208' title='bbox 384 2684 428 2755; x_wconf 82' lang='lat' dir='ltr'><strong>(ef.</strong></span> <span class='ocrx_word' id='word_1_209' title='bbox 448 2684 501 2738; x_wconf 87' lang='lat' dir='ltr'><strong>lex.</strong></span> <span class='ocrx_word' id='word_1_210' title='bbox 522 2684 548 2739; x_wconf 84' lang='lat' dir='ltr'>S.</span> <span class='ocrx_word' id='word_1_211' title='bbox 568 2684 657 2753; x_wconf 77' lang='lat' dir='ltr'><strong>quint.</strong></span> <span class='ocrx_word' id='word_1_212' title='bbox 676 2703 703 2754; x_wconf 93' lang='lat' dir='ltr'>p.</span> <span class='ocrx_word' id='word_1_213' title='bbox 724 2687 856 2753; x_wconf 80' lang='lat'>298‚13):</span> <span class='ocrx_word' id='word_1_214' title='bbox 875 2687 1211 2754; x_wconf 86' lang='grc' dir='ltr'>παραφρυκτωρευό-</span> 
     </span>
     <span class='ocr_line' id='line_1_26' title="bbox 155 2774 1211 2843; baseline -0.004 -12"><span class='ocrx_word' id='word_1_215' title='bbox 155 2789 181 2831; x_wconf 72' lang='lat' dir='ltr'><strong>aa</strong></span> <span class='ocrx_word' id='word_1_216' title='bbox 196 2792 307 2843; x_wconf 87' lang='grc' dir='ltr'>μενος·</span> <span class='ocrx_word' id='word_1_217' title='bbox 332 2774 358 2829; x_wconf 86' lang='grc' dir='ltr'>οἱ</span> <span class='ocrx_word' id='word_1_218' title='bbox 381 2781 603 2843; x_wconf 78' lang='grc' dir='ltr'>κακουργοῦντες</span> <span class='ocrx_word' id='word_1_219' title='bbox 625 2779 687 2842; x_wconf 88' lang='grc' dir='ltr'>περὶ</span> <span class='ocrx_word' id='word_1_220' title='bbox 705 2776 756 2828; x_wconf 84' lang='grc' dir='ltr'>τὰς</span> <span class='ocrx_word' id='word_1_221' title='bbox 775 2776 902 2841; x_wconf 83' lang='grc' dir='ltr'>φυλακὰς</span> <span class='ocrx_word' id='word_1_222' title='bbox 920 2779 965 2829; x_wconf 78' lang='grc' dir='ltr'>καὶ</span> <span class='ocrx_word' id='word_1_223' title='bbox 984 2778 1127 2842; x_wconf 88' lang='grc' dir='ltr'>φρυκτοὺς</span> <span class='ocrx_word' id='word_1_224' title='bbox 1145 2775 1211 2828; x_wconf 88' lang='grc' dir='ltr'>ἀνα-</span> 
     </span>
    </p>
   </div>
   <div class='ocr_carea' id='block_1_13' title="bbox 194 2865 1311 2932">
    <p class='ocr_par' dir='ltr' id='par_1_13' title="bbox 194 2865 1311 2932">
     <span class='ocr_line' id='line_1_27' title="bbox 194 2865 1311 2932; baseline -0.003 -13"><span class='ocrx_word' id='word_1_225' title='bbox 194 2865 334 2920; x_wconf 86' lang='grc' dir='ltr'>τείνοντες</span> <span class='ocrx_word' id='word_1_226' title='bbox 364 2865 507 2918; x_wconf 83' lang='grc' dir='ltr'>ἐναντίους</span> <span class='ocrx_word' id='word_1_227' title='bbox 536 2870 595 2918; x_wconf 79' lang='grc' dir='ltr'>τοῖς</span> <span class='ocrx_word' id='word_1_228' title='bbox 623 2865 813 2918; x_wconf 89' lang='grc' dir='ltr'>πεπιςτευκὸςι</span> <span class='ocrx_word' id='word_1_229' title='bbox 842 2867 895 2930; x_wconf 86' lang='grc' dir='ltr'>τὴν</span> <span class='ocrx_word' id='word_1_230' title='bbox 921 2866 1051 2931; x_wconf 86' lang='grc' dir='ltr'>φυλακὴν</span> <span class='ocrx_word' id='word_1_231' title='bbox 1074 2865 1142 2932; x_wconf 84' lang='grc' dir='ltr'>[καὶ]</span> <span class='ocrx_word' id='word_1_232' title='bbox 1166 2865 1211 2918; x_wconf 85' lang='grc' dir='ltr'>ἐπὶ</span> <span class='ocrx_word' id='word_1_233' title='bbox 1306 2903 1311 2916; x_wconf 82' lang='grc'>.</span> 
     </span>
    </p>
   </div>
   <div class='ocr_carea' id='block_1_14' title="bbox 195 2954 1212 3110">
    <p class='ocr_par' dir='ltr' id='par_1_14' title="bbox 195 2954 1212 3110">
     <span class='ocr_line' id='line_1_28' title="bbox 195 2954 1211 3022; baseline 0 -15"><span class='ocrx_word' id='word_1_234' title='bbox 195 2959 237 3022; x_wconf 83' lang='grc' dir='ltr'>τῷ</span> <span class='ocrx_word' id='word_1_235' title='bbox 266 2955 434 3020; x_wconf 86' lang='grc' dir='ltr'>ςυμφέροντι</span> <span class='ocrx_word' id='word_1_236' title='bbox 460 2959 520 3007; x_wconf 85' lang='grc' dir='ltr'>τῶν</span> <span class='ocrx_word' id='word_1_237' title='bbox 545 2954 800 3019; x_wconf 84' lang='grc' dir='ltr'>ἀντικαθεζομένυιν</span> <span class='ocrx_word' id='word_1_238' title='bbox 825 2956 1144 3020; x_wconf 87' lang='grc' dir='ltr'>παραφρυκτωρεύεςθαι</span> <span class='ocrx_word' id='word_1_239' title='bbox 1169 2954 1211 3007; x_wconf 93' lang='grc' dir='ltr'>λέ-</span> 
     </span>
     <span class='ocr_line' id='line_1_29' title="bbox 196 3041 1212 3110; baseline 0 -15"><span class='ocrx_word' id='word_1_240' title='bbox 196 3059 306 3106; x_wconf 89' lang='grc' dir='ltr'>γονται,</span> <span class='ocrx_word' id='word_1_241' title='bbox 332 3043 371 3095; x_wconf 86' lang='grc' dir='ltr'>ὥς</span> <span class='ocrx_word' id='word_1_242' title='bbox 390 3059 457 3108; x_wconf 89' lang='grc' dir='ltr'>φηςι</span> <span class='ocrx_word' id='word_1_243' title='bbox 477 3043 576 3096; x_wconf 81' lang='grc' dir='ltr'>Λυςίας</span> <span class='ocrx_word' id='word_1_244' title='bbox 595 3043 661 3110; x_wconf 82' lang='lat' dir='ltr'><strong>(XIII</strong></span> <span class='ocrx_word' id='word_1_245' title='bbox 681 3045 725 3109; x_wconf 77' lang='grc'>61)</span> <span class='ocrx_word' id='word_1_246' title='bbox 745 3041 868 3095; x_wconf 63' lang='grc' dir='ltr'>*τούτων</span> <span class='ocrx_word' id='word_1_247' title='bbox 887 3041 926 3096; x_wconf 78' lang='grc' dir='ltr'>εἷς</span> <span class='ocrx_word' id='word_1_248' title='bbox 945 3044 960 3095; x_wconf 81' lang='grc' dir='ltr'>ὁ</span> <span class='ocrx_word' id='word_1_249' title='bbox 979 3044 1161 3109; x_wconf 85' lang='grc' dir='ltr'>πρεςβύτερος</span> <span class='ocrx_word' id='word_1_250' title='bbox 1180 3043 1212 3096; x_wconf 93' lang='grc' dir='ltr'>ἐν</span> 
     </span>
    </p>
   </div>
   <div class='ocr_carea' id='block_1_15' title="bbox 270 3233 1210 3360">
    <p class='ocr_par' dir='ltr' id='par_1_15' title="bbox 270 3233 1210 3360">
     <span class='ocr_line' id='line_1_30' title="bbox 270 3233 1210 3360; baseline 0 -71"><span class='ocrx_word' id='word_1_251' title='bbox 270 3242 284 3289; x_wconf 80' lang='grc'>1</span> <span class='ocrx_word' id='word_1_252' title='bbox 304 3235 346 3360; x_wconf 52' lang='grc' dir='ltr'>δὲ]</span> <span class='ocrx_word' id='word_1_253' title='bbox 367 3233 395 3290; x_wconf 85' lang='grc' dir='ltr'>θ’</span> <span class='ocrx_word' id='word_1_254' title='bbox 412 3237 438 3290; x_wconf 78' lang='grc' dir='ltr'>εἰ</span> <span class='ocrx_word' id='word_1_255' title='bbox 456 3237 527 3291; x_wconf 86' lang='lat' dir='ltr'><strong>coni.</strong></span> <span class='ocrx_word' id='word_1_256' title='bbox 546 3236 761 3291; x_wconf 76' lang='lat' dir='ltr'><strong>Radermacher.</strong></span> <span class='ocrx_word' id='word_1_257' title='bbox 851 3235 1039 3306; x_wconf 77' lang='grc' dir='ltr'>ἀναγινώσκει</span> <span class='ocrx_word' id='word_1_258' title='bbox 1058 3252 1092 3290; x_wconf 83' lang='lat' dir='ltr'>ex</span> <span class='ocrx_word' id='word_1_259' title='bbox 1109 3235 1210 3290; x_wconf 79' lang='lat' dir='ltr'><strong>Photio</strong></span> 
     </span>
    </p>
   </div>
   <div class='ocr_carea' id='block_1_16' title="bbox 195 3307 1211 3663">
    <p class='ocr_par' dir='ltr' id='par_1_16' title="bbox 195 3307 1211 3663">
     <span class='ocr_line' id='line_1_31' title="bbox 196 3307 322 3361; baseline 0 -1"><span class='ocrx_word' id='word_1_260' title='bbox 196 3307 322 3361; x_wconf 83' lang='lat' dir='ltr'><strong>Bernhar</strong></span> 
     </span>
     <span class='ocr_line' id='line_1_32' title="bbox 195 3377 1211 3448; baseline 0 -16"><span class='ocrx_word' id='word_1_261' title='bbox 195 3381 290 3432; x_wconf 79' lang='lat' dir='ltr'><strong>tanher</strong></span> <span class='ocrx_word' id='word_1_262' title='bbox 307 3379 480 3447; x_wconf 76' lang='lat' dir='ltr'><strong>Bernhardy,</strong></span> <span class='ocrx_word' id='word_1_263' title='bbox 498 3378 673 3448; x_wconf 79' lang='grc' dir='ltr'>ψηφίσαντες</span> <span class='ocrx_word' id='word_1_264' title='bbox 691 3377 765 3432; x_wconf 84' lang='lat' dir='ltr'><strong>libri.</strong></span> <span class='ocrx_word' id='word_1_265' title='bbox 859 3383 892 3430; x_wconf 81' lang='lat'>12</span> <span class='ocrx_word' id='word_1_266' title='bbox 911 3377 979 3433; x_wconf 71' lang='grc' dir='ltr'>οὐδὲ</span> <span class='ocrx_word' id='word_1_267' title='bbox 998 3378 1071 3433; x_wconf 80' lang='grc' dir='ltr'>ἐστιν</span> <span class='ocrx_word' id='word_1_268' title='bbox 1091 3377 1211 3446; x_wconf 76' lang='lat' dir='ltr'><strong>Bekker,</strong></span> 
     </span>
     <span class='ocr_line' id='line_1_33' title="bbox 195 3448 1209 3518; baseline 0.001 -15"><span class='ocrx_word' id='word_1_269' title='bbox 195 3452 346 3518; x_wconf 76' lang='lat' dir='ltr'><strong>postquam</strong></span> <span class='ocrx_word' id='word_1_270' title='bbox 364 3450 422 3504; x_wconf 87' lang='lat' dir='ltr'><strong>iam</strong></span> <span class='ocrx_word' id='word_1_271' title='bbox 440 3450 604 3518; x_wconf 82' lang='lat' dir='ltr'><strong>Bernhardy</strong></span> <span class='ocrx_word' id='word_1_272' title='bbox 622 3448 652 3502; x_wconf 89' lang='lat' dir='ltr'>in</span> <span class='ocrx_word' id='word_1_273' title='bbox 671 3466 703 3502; x_wconf 87' lang='lat' dir='ltr'>eo</span> <span class='ocrx_word' id='word_1_274' title='bbox 722 3448 852 3516; x_wconf 80' lang='lat' dir='ltr'><strong>offendit,</strong></span> <span class='ocrx_word' id='word_1_275' title='bbox 878 3449 954 3518; x_wconf 88' lang='lat' dir='ltr'><strong>quod</strong></span> <span class='ocrx_word' id='word_1_276' title='bbox 976 3448 1043 3502; x_wconf 88' lang='lat' dir='ltr'><strong>libri</strong></span> <span class='ocrx_word' id='word_1_277' title='bbox 1060 3448 1209 3518; x_wconf 77' lang='lat' dir='ltr'><strong>praebent:</strong></span> 
     </span>
     <span class='ocr_line' id='line_1_34' title="bbox 196 3519 1210 3590; baseline 0 -15"><span class='ocrx_word' id='word_1_278' title='bbox 196 3519 263 3576; x_wconf 72' lang='grc' dir='ltr'>οὐδὲ</span> <span class='ocrx_word' id='word_1_279' title='bbox 282 3520 395 3576; x_wconf 76' lang='grc' dir='ltr'>ἔνεστιν.</span> <span class='ocrx_word' id='word_1_280' title='bbox 468 3528 502 3576; x_wconf 81' lang='lat'>26</span> <span class='ocrx_word' id='word_1_281' title='bbox 522 3522 570 3575; x_wconf 78' lang='lat' dir='ltr'><strong>nal</strong></span> <span class='ocrx_word' id='word_1_282' title='bbox 589 3520 653 3575; x_wconf 80' lang='lat' dir='ltr'><strong>secl.</strong></span> <span class='ocrx_word' id='word_1_283' title='bbox 668 3519 833 3588; x_wconf 80' lang='lat' dir='ltr'><strong>Bernhardy</strong></span> <span class='ocrx_word' id='word_1_284' title='bbox 847 3535 880 3573; x_wconf 88' lang='lat' dir='ltr'>ex</span> <span class='ocrx_word' id='word_1_285' title='bbox 896 3520 983 3573; x_wconf 86' lang='lat' dir='ltr'><strong>Suida</strong></span> <span class='ocrx_word' id='word_1_286' title='bbox 997 3537 1018 3574; x_wconf 85' lang='grc' dir='ltr'>ε.</span> <span class='ocrx_word' id='word_1_287' title='bbox 1032 3537 1060 3574; x_wconf 92' lang='lat' dir='ltr'>u.</span> <span class='ocrx_word' id='word_1_288' title='bbox 1078 3520 1210 3590; x_wconf 81' lang='grc' dir='ltr'>φρυκτός.</span> 
     </span>
     <span class='ocr_line' id='line_1_35' title="bbox 197 3590 889 3663; baseline 0 -20"><span class='ocrx_word' id='word_1_289' title='bbox 197 3597 230 3645; x_wconf 80' lang='lat'>28</span> <span class='ocrx_word' id='word_1_290' title='bbox 249 3593 432 3663; x_wconf 77' lang='grc' dir='ltr'>πρεσβύτερος</span> <span class='ocrx_word' id='word_1_291' title='bbox 450 3592 622 3660; x_wconf 79' lang='lat' dir='ltr'><strong>Bernhardy,</strong></span> <span class='ocrx_word' id='word_1_292' title='bbox 643 3591 797 3663; x_wconf 77' lang='grc' dir='ltr'>πρεσβύτης</span> <span class='ocrx_word' id='word_1_293' title='bbox 814 3590 889 3644; x_wconf 89' lang='lat' dir='ltr'><strong>libri.</strong></span> 
     </span>
    </p>
   </div>
   <div class='ocr_carea' id='block_1_17' title="bbox 342 3305 1211 3377">
    <p class='ocr_par' dir='ltr' id='par_1_17' title="bbox 342 3305 1211 3377">
     <span class='ocr_line' id='line_1_36' title="bbox 342 3305 1211 3377; baseline -0.001 -17"><span class='ocrx_word' id='word_1_294' title='bbox 342 3326 374 3376; x_wconf 78' lang='lat' dir='ltr'>y,</span> <span class='ocrx_word' id='word_1_295' title='bbox 403 3307 606 3377; x_wconf 75' lang='grc' dir='ltr'>ἀναγινώσκειν</span> <span class='ocrx_word' id='word_1_296' title='bbox 633 3307 707 3361; x_wconf 88' lang='lat' dir='ltr'><strong>libri.</strong></span> <span class='ocrx_word' id='word_1_297' title='bbox 806 3311 846 3362; x_wconf 87' lang='lat'>10.</span> <span class='ocrx_word' id='word_1_298' title='bbox 868 3312 900 3359; x_wconf 91' lang='lat'>11</span> <span class='ocrx_word' id='word_1_299' title='bbox 925 3305 1102 3377; x_wconf 78' lang='grc' dir='ltr'>ἐψηφίσαντο</span> <span class='ocrx_word' id='word_1_300' title='bbox 1130 3307 1211 3360; x_wconf 89' lang='lat' dir='ltr'><strong>dubi-</strong></span> 
     </span>
    </p>
   </div>
   <div class='ocr_carea' id='block_1_18' title="bbox 0 0 1343 3906">
    <p class='ocr_par' dir='ltr' id='par_1_18' title="bbox 0 0 1343 3906">
     <span class='ocr_line' id='line_1_37' title="bbox 0 0 1343 3906; baseline 0 0"><span class='ocrx_word' id='word_1_301' title='bbox 0 0 1343 3906; x_wconf 95' lang='lat' dir='ltr'> </span> 
     </span>
    </p>
   </div>
  </div>
 </body>
</html>
