2664 3906
274 247 335 297 XII.
354 248 508 297 EKAOPH
526 244 677 304 ΛΕΞΕΩΝ
695 248 791 297 ΚΑΤΑ
809 247 1009 298 ΣΤΟΙΧΕΙΟΝ
1086 245 1149 310 155

134 409 257 473 προςήκε
276 406 402 470 γενέςθαι
419 408 490 459 κατὰ
508 409 575 460 τούς
592 407 705 472 νόμους.
742 408 870 461 τέτακται
895 408 925 461 δέ
945 408 979 460 τὸ
999 408 1152 474 ἐξηγεῑςθαι

135 498 181 548 καί
198 497 261 562 περί
279 500 330 548 τού
350 495 472 561 ἐξάρχειν
490 496 574 548 τινός.

207 618 273 672 Lux.
302 637 322 670 s.
353 637 440 678 ονιιιτ.
469 637 495 687 p.
526 624 586 687 309,
613 624 646 671 33
675 624 711 689 (u.
732 624 828 672 3-24
852 646 885 663 =
909 619 1024 673 Aristot.
1053 620 1151 674 histor.

135 705 169 760 fr.
189 711 254 773 420,
274 713 339 772 446,
358 712 423 774 434,
442 713 507 774 427,
527 713 592 775 418,
612 713 677 775 433,
697 714 762 774 433,
782 713 834 761 453
853 707 949 778 Roso):
971 710 1044 764 τίνες
1061 710 1152 763 ποίων

134 797 362 863 δικαςτηρίων
391 799 467 864 εἰχον
494 799 548 863 τὴν
575 797 791 869 ἡγεμοίνίαν·
825 799 895 864 πρὸς
922 799 973 851 τὸν
1002 799 1151 866 ἄρχοντα
1167 804 1218 852 310

135 887 282 939 κακιύςεως
306 887 491 953 ἐλαγχάνοντο
515 891 620 954 γραφαί
644 890 689 940 καί
707 893 766 941 τῶν
783 889 904 953 γονέων,
932 887 955 940 εἰ
973 888 1092 941 τούτους
1110 903 1152 940 τις
1179 905 1192 944 κ

134 974 225 1028 αἰτίαν
245 977 302 1040 έχαι
321 979 432 1041 κακοῦν,
453 978 497 1028 καί
515 981 574 1029 τῶν
593 977 737 1043 ὀρφανῶν,
760 978 800 1030 ἔτι
819 978 849 1030 δέ
868 976 1021 1042 παρανοίας
1041 979 1085 1029 καί
1104 977 1151 1043 ἀρ-

133 1063 208 1129 γίας,
241 1064 400 1118 έπιδικαςίαι
427 1062 582 1135 <κλήρων>
608 1068 653 1118 καί
677 1065 833 1132 ἐπικλήρων
859 1071 1007 1130 γυναικῶν.
1046 1066 1151 1118 ἁπύςας

133 1153 239 1206 ταύτας
257 1153 325 1218 ἦγεν
344 1155 360 1205 6
380 1154 474 1219 ύρχων
494 1153 531 1206 εἰς
550 1155 583 1207 τὸ
603 1154 776 1220 δικαςτήριον
793 1154 944 1220 ἠγεμονίαν
959 1155 1054 1207 αύτῶν
1069 1156 1150 1219 έχων.

133 1241 162 1293 οί
176 1244 326 1305 λογιςταί
339 1243 390 1295 τὰς
404 1243 521 1295 εύθύνας
536 1243 642 1295 ἁπάςας
651 1242 769 1309 εἰςήγον.
789 1245 804 1295 6
820 1245 974 1309 βαςιλεύς
989 1243 1089 1307 εἰςάγει
1100 1244 1151 1296 τὰς
1165 1261 1192 1300 ιο

133 1331 253 1397 φονικὰς
272 1331 386 1398 ἁπάςας,
405 1331 464 1384 έπεί
483 1334 528 1384 καί
546 1333 730 1398 προαγορεύει
748 1334 799 1385 τδν
818 1332 997 1398 ἀνδροφόνον
1017 1332 1152 1399 είργεςθαι

132 1424 193 1472 τῶν
206 1419 341 1486 νομίμων,
356 1422 400 1472 καί
414 1423 476 1487 περὶ
486 1426 545 1473 τῶν
556 1421 638 1486 ἱερῶν
648 1424 762 1474 καίτοῑς
771 1423 858 1485 γένεςι
869 1422 979 1476 δικάζει.
999 1423 1015 1473 6
1029 1421 1151 1485 πολέμ-

133 1525 152 1561 α
157 1525 238 1575 ρχος
257 1509 432 1576 ἀποςταςίου,
448 1508 656 1581 <έπιδικαςίας>
671 1513 717 1563 καί
731 1511 841 1577 κλήρων
856 1513 900 1564 καί
919 1511 1075 1578 ἐπικλήρων
1093 1516 1152 1563 τοῖς

134 1597 282 1662 μετοίκοις·
303 1600 346 1650 καί
365 1597 459 1664 τᾶλλα,
479 1599 529 1651 ύςα
547 1604 606 1652 τοῖς
625 1600 716 1652 ἀςτοῖς
734 1601 751 1652 6
770 1600 873 1666 ἄρχων,
893 1600 975 1652 ούτος
989 1605 1048 1652 τοῖς
1062 1598 1151 1664 μετοί-

133 1702 192 1738 κοις
210 1687 366 1753 παρέχεται.
401 1685 427 1739 οί
445 1689 647 1752 θεςμοθέται
666 1687 776 1754 εἰςῆγον
795 1688 884 1743 ξενίας
903 1691 947 1741 καί
965 1688 1151 1755 ςυκοφαντίας
1165 1705 1190 1745 15

133 1778 178 1828 καί
202 1777 303 1841 δώρων
327 1778 371 1828 καί
392 1777 610 1843 ψευδεγγραφής
629 1779 674 1829 καί
693 1779 800 1843 ύβρεως
817 1780 863 1830 καί
883 1776 1004 1844 μοιχείας
1023 1780 1068 1830 καί
1087 1781 1151 1842 βου-

132 1865 258 1917 λεύςεως.
284 1864 309 1917 οἱ
324 1865 444 1917 ένδεκα
458 1867 525 1918 τούς
540 1867 658 1918 κλέπτας
673 1869 717 1919 καί
731 1868 797 1919 τούς
811 1867 977 1919 λωποδύτας
992 1869 1036 1919 καί
1051 1867 1151 1933 ἀνδρα-

133 1955 262 2006 ποδιςτάς
282 1955 490 2018 ὁμολογοῦντας
509 1955 558 2020 μέν
578 1956 815 2021 ἀποκτιννύουςιν,
836 1955 1030 2019 ἀντιλέγοντας
1050 1957 1080 2008 δέ
1100 1955 1151 2008 εἰς·

132 2042 246 2106 άγουςιν
261 2042 299 2095 είς
313 2043 346 2095 τὸ
362 2043 543 2110 δικαςτήριον.
578 2043 604 2096 οἱ
623 2045 794 2110 διαιτηταί
813 2049 903 2097 ποςαν
918 2043 997 2111 δίκην
1012 2045 1150 2099 δικάζουςι

132 2133 206 2196 πλὴν
220 2136 278 2184 τῶν
293 2134 416 2198 ξενικῶν,
433 2131 494 2185 οῖον
508 2133 658 2200 πρόκληςιν
673 2134 813 2199 νεμήςεως
827 2133 871 2187 ἐπί
885 2150 970 2186 τινων
985 2135 1002 2199 ἢ
1018 2136 1149 2200 κληρονο·
1163 2150 1189 2189 20

133 2218 196 2284 μίας
215 2222 232 2286 ἢ
252 2221 345 2273 κοινὸν
364 2220 529 2287 ἀγοραςμόν.
563 2222 665 2288 κυρίως
680 2223 774 2287 μέντοι
789 2223 814 2275 οἱ
829 2224 1006 2288 διανέμοντες
1020 2224 1055 2275 τὰ
1070 2223 1149 2276 κοινά

133 2325 210 2361 τιςιν.
248 2309 274 2362 οἱ
293 2311 560 2377 τετταράκοντα,
585 2312 634 2364 οὓς
653 2311 846 2377 ἐχειροτόνουν
866 2313 979 2377 μάλιςτα
998 2313 1149 2379 φυλάττειν

132 2397 184 2449 τὸν
202 2399 303 2464 δῆμον·
324 2399 410 2465 οὗτοι,
430 2397 501 2470 <op
514 2400 586 2453 τέως
604 2401 673 2466 ῆςαν
690 2401 849 2467 τριάκοντα,
869 2402 922 2454 έως
938 2402 1004 2453 δέκα
1018 2403 1148 2467 δραχμῶν

131 2486 260 2542 ἐδίκαζον
278 2488 349 2541 κατὰ
364 2487 477 2554 δήμους.
506 2489 534 2542 οἱ
551 2489 769 2542 πεντακὸςιοι
787 2491 855 2543 τοὺς
869 2490 913 2543 έπί
928 2490 1063 2556 έταιρήςει
1077 2491 1149 2542 δοκι-

134 2577 308 2640 μαζομένου(
326 2578 444 2644 έκρινον.
477 2577 674 2642 ἐδοκιμάζοντο
694 2580 724 2631 δέ
743 2579 788 2631 έπί
805 2583 847 2646 τῷ
864 2580 1043 2646 ἡταιρηκέναι
1057 2581 1149 2632 δοκεῖν
1164 2593 1189 2634 25

135 2666 153 2730 ἢ
174 2666 210 2730 μὴ
231 2665 283 2730 ούχ
306 2666 427 2740 ᾅπαντες
446 2666 599 2733 Ἀθηναῖοι,
623 2667 682 2719 ἀλλ’
701 2667 727 2720 οὶ
749 2667 867 2734 ῥήτορες
890 2668 916 2721 οἱ
939 2668 1149 2733 πολιτευόμεναι

134 2755 180 2806 καί
197 2755 233 2806 τὰ
251 2753 415 2821 ψηφίςματα
434 2755 600 2822 γράφοντες.

204 2876 269 2929 Lux.
294 2895 315 2928 s.
340 2896 428 2937 ονικτ.
451 2897 478 2946 p.
499 2883 563 2942 310,
584 2883 630 2932 28:
656 2880 687 2932 ἐν
709 2880 799 2933 ποίοις
823 2881 1054 2947 δικαςτηρίοις
1076 2881 1149 2935 τίνες

207 3006 311 3054 25-27
332 3001 366 3056 of.
386 3021 412 3070 p.
434 3009 493 3070 ιιι,
513 3006 590 3056 ο-ο.

207 3202 223 3251 8
242 3196 350 3264 κληρων
373 3198 521 3267 suppletur
543 3199 620 3267 apud
642 3199 746 3252 Meier-
752 3198 946 3254 Schoemann-
950 3199 1077 3269 Lipsium
1102 3203 1150 3255 der

132 3270 244 3324 attisehe
258 3286 413 3338 processp
433 3276 494 3336 ὅτε,
513 3275 556 3323 43.
656 3276 688 3323 12
708 3268 833 3339 νομίμων
851 3271 1004 3340 ibidemp.
1024 3277 1085 3338 θύα,
1091 3277 1148 3364 60,

132 3337 226 3408 νόμων
244 3339 325 3394 liber.
399 3346 432 3394 13
451 3313 627 3403 ἐπίδικασίας
645 3341 710 3394 add.
728 3341 942 3396 Radermacher.
1016 3349 1050 3396 23
1070 3339 1149 3398 οὗτοι

132 3410 160 3465 οἳ
184 3407 293 3474 τέως
276 3429 348 3480 ησαν
358 3411 525 3504 τριάκοντα
550 3413 626 3481 apud
651 3413 751 3466 Meier·
754 3413 939 3467 Schoemann·
941 3414 1105 3482 Lipsiuml.
1125 3432 1146 3468 s.

132 3499 159 3550 p
175 3487 315 3551 88=‚14(›,
337 3478 414 3538 οὗτοι
434 3479 519 3546 ἕως
503 3500 574 3551 ησαν
591 3484 743 3551 τριάκοντα
761 3484 841 3538 liber.
915 3490 957 3537 24.
978 3491 1011 3538 26
1031 3488 1147 3554 δοκιμα-

132 3552 263 3620 ζομένοας
277 3554 354 3623 apud
367 3555 467 3608 Meier-
469 3554 655 3609 Schoemann-
657 3554 816 3624 Lipsiuml.
832 3573 852 3610 s.
867 3574 894 3624 p.
911 3561 971 3625 253,
989 3562 1047 3624 134,
1067 3560 1148 3611 δικα-

131 3623 262 3693 ζομένους
279 3625 360 3680 fiber.
