2666 3912
133 227 194 278 VII.
214 227 302 276 ΠΕΡΙ
318 227 394 278 ΤΟΤ
412 226 654 277 ΧΑΡΑΚΤΗΡΟΣ
672 225 746 276 ΤΩΝ
765 227 861 276 ΔΕΚΑ
878 226 1050 278 ΡΗΤΟΡΩΝ
1104 211 1146 288 97

131 388 250 529 ἕοςθένη
276 387 415 452 μειράκιον
439 387 515 439 ὄντα.
536 385 541 456 Ι
561 389 729 452 γεννηθῆναι
753 387 783 439 δέ
807 402 890 452 φαςιν
914 385 958 438 ἐπί
981 387 1148 440 Φιλοκλέους
1161 375 1298 494 priliiw

150 492 274 542 ρχοντος,

198 569 355 647 φέρονται
370 568 398 631 b'
413 568 513 631 αὐτοῦ
528 568 621 644 λόγοι
635 568 832 646 τετρακόςιοι
848 567 1055 632 εἰκοςιπέντε’
1074 567 1148 631 τού-

131 696 199 739 των
228 676 376 752 γνηςίους
407 677 504 753 φαςὶν
532 673 564 738 οἱ
591 677 665 753 περὶ
692 674 866 738 Διονύςιον
894 675 946 737 καὶ
975 675 1149 739 Κεκίλιον

132 780 213 845 εἶναι
237 783 416 846 διακοςίους
439 781 612 860 τριάκοντα
639 780 713 863 <καὶ
735 780 853 863 τρεῑς>’
890 781 925 845 ἐν
948 779 997 845 οίς
1021 783 1068 845 δὶς
1092 782 1148 859 μό·
1175 803 1189 843 5

132 909 191 952 νον
214 888 364 967 ἡττῆςθαι
392 890 527 965 λέγεται.

203 993 257 1046 ἔςτι
281 993 306 1044 δ’
329 993 416 1045 αὐτοῦ
443 994 487 1045 καί
510 994 526 1045 ὁ
550 993 620 1058 ὑπὲρ
643 997 695 1045 τοῦ
719 991 898 1058 ψηφίςματος
921 989 981 1062 <ὃ>
1005 992 1148 1058 ἐγράψατο

132 1077 256 1147 Ἀρχῖνος
274 1083 326 1146 τὴν
344 1081 486 1134 πολιτείαν
505 1082 592 1134 αὐτοῦ
610 1082 754 1147 περιελών,
774 1084 819 1134 καί
837 1081 908 1133 κατὰ
925 1085 984 1135 τῶν
1000 1081 1149 1147 τριάκοντα

132 1171 234 1236 ἕτερος.
272 1170 384 1234 ἐγένετο
408 1171 438 1222 δὲ
461 1171 655 1223 πιθανώτατος
678 1172 723 1222 καί
743 1171 926 1236 βραχύτατος,
950 1175 1009 1223 τοῖς
1027 1168 1181 1226 ἰόιώταιςί)

130 1260 197 1312 τοὺς
220 1260 340 1312 πολλοὺς
360 1259 462 1322 λόγους
480 1259 586 1312 ἐκδούς.
623 1258 672 1312 eici
691 1258 716 1312 δ’
734 1260 811 1326 αὐτῷ
832 1261 875 1312 καί
893 1260 987 1324 τέχναι
1006 1261 1149 1325 ῥητορικαὶ
1163 1278 1188 1316 ιο

130 1349 314 1414 πεποιημέναι
337 1351 381 1401 καί
404 1348 583 1415 δημηγορίαι,
610 1348 748 1401 ἐπιςτολαί
770 1364 801 1401 τε
824 1351 869 1401 καί
888 1349 1010 1413 ἐγκώμια
1029 1350 1074 1400 καί
1093 1348 1149 1400 ἐπι-

130 1438 227 1504 τάφιοι
250 1439 295 1490 καί
318 1438 445 1503 ἐρωτικαὶ
469 1439 513 1490 καί
534 1436 699 1503 (ωκριίτους
723 1437 860 1500 ἀπολογία
883 1437 1066 1503 ἐςτοχαςμένη
1090 1441 1149 1490 τών

131 1529 274 1580 δικαςτών.
308 1528 383 1579 δοκεῖ
402 1527 431 1579 δὲ
451 1527 522 1579 κατὰ
537 1528 590 1591 τήν
608 1527 680 1580 λέξιν
700 1527 814 1578 εὔκολος
829 1527 906 1592 εἶναι,
926 1525 1093 1592 όυςμίμητος
1108 1527 1148 1581 ὤν

131 1613 178 1684 (cf.
196 1613 314 1667 Phoiius
333 1613 402 1667 bibl.
422 1613 483 1666 cod.
503 1619 555 1667 262
574 1631 602 1682 p.
621 1614 755 1682 488214).

204 1763 238 1810 1s
252 1756 318 1810 uide
332 1773 375 1823 ea,
390 1772 462 1824 quae
476 1756 532 1810 Leo
546 1756 565 1809 l.
576 1773 596 1809 s.
612 1774 640 1824 p.
652 1761 720 1823 19,3
736 1755 872 1824 exposuit.
899 1754 976 1808 idem
989 1756 1034 1809 uir
1049 1756 1148 1810 doctus

129 1864 158 1916 p.
174 1851 207 1900 33
222 1845 358 1900 nonnulla
373 1845 407 1899 de
421 1846 475 1899 hoc
489 1848 549 1900 ίοίο
563 1845 625 1899 loco
639 1843 765 1913 protulit.
800 1844 833 1898 cf.
849 1844 1023 1920 prpoemium
1036 1864 1063 1914 p.
1074 1853 1146 1898 xxv.

200 2067 269 2135 109
291 2077 410 2130 Ριιοτινε
429 2077 497 2131 bibl.
518 2078 578 2132 cod.
599 2083 650 2130 262
669 2096 696 2146 p.
716 2077 783 2131 4881‘
802 2082 849 2131 25:
879 2080 934 2132 ἔςτι
962 2079 1012 2143 μὲν
1040 2079 1070 2132 ἐν
1096 2079 1147 2132 οὐκ
1162 2094 1187 2134 15

130 2167 234 2232 ὀλίγοις
253 2169 341 2221 αὐτοῦ
361 2169 452 2232 λόγοις
471 2169 579 2235 ἠθικός,
602 2168 707 2233 γίνεται
726 2169 756 2221 δὲ
775 2169 846 2221 κατὰ
864 2168 989 2221 διάνοιαν
1008 2169 1024 2220 ό
1043 2167 1147 2234 ἠθικός,

132 2257 200 2309 όταν
219 2259 340 2323 χρηςτὴν
360 2259 409 2325 ἔχῃ
428 2258 584 2324 προαίρεςιν
599 2261 643 2311 καί
656 2258 726 2324 πρὸς
739 2259 775 2310 τὰ
790 2257 887 2323 βελτίω
902 2258 1048 2324 ῥέπουςαν.
1082 2257 1148 2310 ὅθεν

131 2347 166 2399 οὐ
190 2348 242 2412 χρὴ
266 2349 355 2412 ψιλῶς
373 2347 408 2399 τὰ
426 2349 585 2413 πραχθέντα
603 2348 705 2412 λέγειν,
730 2347 799 2399 ἀλλὰ
818 2350 862 2400 καί
880 2349 933 2412 τὴν
951 2347 1068 2412 γνώμην
1087 2363 1148 2398 ςυν-

130 2435 242 2500 άπτειν,
267 2435 327 2499 μεθ’
345 2435 379 2500 ἧς
398 2435 550 2502 ἐπράττετο
569 2437 697 2502 ἕκαςτον,
722 2435 795 2503 οἷον,
820 2437 854 2487 ἂν
874 2437 923 2500 μὲν
942 2435 1048 2500 χαλεπὰ
1067 2436 1083 2503 ᾗ
1104 2438 1148 2488 καί

129 2525 201 2590 πρός
224 2524 324 2590 φίλους
346 2527 363 2590 ἢ
388 2525 478 2578 ἄλλως
501 2524 642 2591 μετρίους,
666 2527 718 2590 τὴν
742 2525 866 2590 ἀνάγκην
890 2523 1035 2590 αἰτιᾶςθαι,
1060 2525 1094 2576 ἂν
1117 2525 1148 2578 δὲ
1162 2540 1199 2579 2ο

130 2613 244 2679 ἀμείνω,
262 2617 315 2678 τὴν
333 2613 497 2680 προαίρεςιν.
531 2614 602 2679 αὕτη
622 2615 653 2666 δὲ
673 2613 785 2678 μάλιςτα
803 2615 905 2678 πιθανὴ
925 2613 1038 2679 γίνεται,
1057 2611 1081 2665 εί
1094 2615 1147 2678 τήν

130 2701 220 2755 αἰτίαν
238 2703 395 2768 προςλάβοι.
432 2703 482 2755 τὰς
505 2704 599 2767 μέντοι
622 2718 654 2766 γε
677 2700 765 2754 αἰτίας
788 2702 822 2754 οὐ
846 2704 897 2768 χρὴ
921 2706 972 2754 τοῦ
991 2704 1147 2755 λυςιτελοῠς

129 2793 212 2844 ἕνεκα
244 2792 481 2857 παραλαμβάνειν·
515 2791 655 2858 φρονίμου
686 2790 740 2856 γὰρ
772 2793 877 2856 μᾶλλον
909 2793 926 2856 ἢ
955 2796 1073 2856 χρηςτοθ
1103 2793 1148 2844 καὶ

130 2881 310 2945 εὐγνώμονος
327 2881 363 2933 τὰ
380 2885 504 2933 τοιαῦτα.
542 2881 660 2946 χαλεπός
679 2881 710 2932 δὲ
729 2881 744 2932 ό
763 2879 867 2945 τρόπος
887 2880 1017 2946 φυλάξαι·
1040 2881 1083 2933 διὸ
1103 2883 1147 2933 καὶ

203 3026 260 3075 16s
286 3021 398 3089 eadem,
417 3022 475 3075 fere
495 3022 532 3075 ad
550 3020 681 3087 uerbum,
700 3020 843 3091 Longinus
862 3020 1005 3091 (fr.109a)
1025 3020 1147 3076 exhibet.

202 3253 284 3306 ότιαί
304 3262 378 3320 τρεῖς
396 3269 430 3307 ex
447 3253 549 3309 Phoiio
566 3254 705 3308 Duebner.
816 3258 830 3306 ’ί
850 3250 865 3306 ό
884 3252 996 3320 Τυρίου,
1020 3251 1054 3308 ὃν
1071 3253 1145 3307 libri.

129 3323 146 3378 ὃ
170 3324 235 3377 add.
255 3324 365 3392 Τυχίος,
470 3331 486 3377 8
510 3327 597 3380 αὑτοῦ
620 3327 753 3392 περιελών
776 3324 892 3392 Τυχίοτ,
919 3325 993 3396 αὐτῷ
1012 3324 1147 3394 περιέχων

130 3395 204 3450 libri.
273 3401 305 3448 11
322 3394 492 3465 δημηγορίαι
505 3413 540 3450 ex
552 3397 696 3465 Dionysio,
712 3394 869 3466 δημηγορία
883 3394 956 3448 libri.
1027 3402 1059 3449 16
1075 3395 1147 3449 κατὰ

129 3465 263 3521 διάνοιαν
281 3467 306 3519 Α
329 3468 428 3536 (codex
451 3468 518 3520 olim
537 3468 748 3533 Bessan'oneus,
773 3484 848 3521 nunc
866 3465 1001 3534 Venetus)
1024 3469 1052 3520 ei
1075 3467 1147 3520 Lon-

128 3538 213 3607 ginus
233 3537 278 3606 (cf.
293 3537 325 3592 fr.
342 3545 393 3592 109
404 3557 430 3604 a,
448 3542 499 3609 18),
517 3539 590 3592 κατὰ
603 3539 655 3608 τὴν
669 3539 801 3594 διάνοιαν
816 3539 901 3592 ceteri
915 3537 988 3592 libri.
1063 3545 1097 3592 22
1116 3557 1147 3608 γε

127 3625 184 3664 om.
203 3611 235 3663 A.

184 3707 279 3749 Caecilii
294 3709 406 3750 Calactini
419 3711 556 3760 fragmenta.
971 3703 984 3750 7
