2666 3912
173 207 217 271 60
494 209 540 258 iv.
562 209 648 256 uum
667 207 870 257 nxunuuan

282 372 317 434 ὃς
342 371 376 433 ἐκ
401 370 636 447 μελαμβρότοιο
660 372 838 447 πληροῦται
864 368 954 446 ῥοὰς

280 477 462 541 Αἰθιόπιδος
486 481 552 555 γῆς,
576 474 656 553 ἡνίκ’
680 475 720 540 ἂν
744 480 823 558 τακῇ
848 477 927 553 χιὼν

279 583 551 662 τεθριππεῦοντος
574 583 666 661 ἡλίου
691 581 758 646 κατ’
783 581 902 660 αἰθέρα,

176 755 178 760 .
280 692 384 755 έλῦὼν
408 689 475 753 κατ’
498 689 617 767 Ἄργος
641 688 725 773 ᾤκις’
748 689 871 776 Ἰνάχου
895 687 999 757 πόλιν.

146 798 203 861 Ιτοὶ
227 798 289 876 γὰρ
312 801 396 876 τρεῖς
420 799 493 876 περὶ
516 800 574 860 τοῦ
598 799 746 873 ποταμοῦ
771 796 869 874 ςτίχοι
893 794 1045 873 περιττοί.

187 985 188 988 ,
245 935 281 989 ad
300 935 353 988 hoc
372 935 472 1006 fragm.
493 934 526 988 ef.
547 933 611 986 adn.
631 951 723 987 msam
738 933 775 985 ad
789 933 822 986 ir.
835 939 900 998 θ’ῖα,
912 938 1016 987 16-19
1032 933 1192 1002 ascriptam.

174 1031 175 1034 ’
245 1041 348 1093 magna
367 1024 523 1077 similitudo
543 1023 709 1092 disputandi
727 1021 845 1075 rationis
864 1023 1015 1077 intercedit
1031 1022 1106 1076 inter
1118 1021 1194 1075 hunc

173 1093 266 1167 iocum
285 1115 314 1167 et
331 1111 365 1166 fr.
386 1119 450 1167 ἵῦα.
488 1127 575 1181 quare
594 1111 786 1165 Alexandrum
810 1127 921 1180 quoqne
940 1109 1094 1164 Caecilium
1113 1112 1194 1178 sequi

174 1201 201 1256 C.
223 1222 240 1254 A
259 1202 412 1255 Momwsm
430 1202 448 1255 1.
465 1219 484 1254 s.
505 1219 532 1270 p.
548 1207 591 1267 47,
610 1219 636 1270 p.
653 1207 687 1253 52
698 1217 724 1252 ss
744 1202 773 1254 et
792 1198 932 1254 Coannunz
949 1199 967 1258 l,
984 1218 1004 1253 s.
1023 1217 1051 1268 p.
1068 1204 1101 1252 36
1120 1198 1194 1254 iudi-

174 1295 316 1345 uenerunt.

243 1461 315 1526 76η
334 1468 456 1521 Emona
470 1467 630 1520 Aunnnniu
644 1475 678 1520 111
692 1485 719 1536 p.
736 1472 778 1534 39,
796 1472 828 1520 12
845 1467 904 1535 Sp:
923 1470 985 1534 περὶ
1003 1471 1192 1534 παρεμβολῆς·

172 1564 259 1612 τοῦτο
284 1559 317 1612 τὸ
344 1562 433 1624 ςχῆμα
458 1561 637 1624 παρακεῖςθαι
663 1559 713 1623 μὲν
739 1560 814 1611 δοκεῖ
839 1563 880 1627 τῷ
906 1559 1068 1624 ῦπερβατῴ,
1097 1557 1192 1623 ἐπειδὴ

152 1649 153 1652 ’
174 1649 275 1713 μεταξὺ
298 1650 350 1713 τῆς
374 1647 444 1699 κατὰ
468 1648 550 1712 φύςιν
569 1646 724 1700 ςυντόξεως
741 1651 793 1699 τοῦ
813 1647 898 1711 λόγου
917 1646 1022 1700 τίθεταί
1040 1662 1082 1698 τις
1101 1646 1192 1712 λόγος,

174 1738 299 1803 διαφέρει
319 1737 349 1789 δέ
368 1735 488 1788 ἐκείνου·
513 1736 546 1787 τὸ
571 1736 621 1799 μὲν
643 1736 696 1800 γὰρ
720 1736 878 1802 ὑπερβατὸν
903 1735 932 1788 ἐν
955 1740 990 1802 τῇ
1010 1735 1115 1802 ἀλλαγῇ
1134 1739 1193 1787 τῶν

134 1837 159 1875 10
175 1826 278 1891 μορίων
298 1827 342 1877 καλ
360 1829 395 1891 τῇ
414 1824 615 1890 προςαποδόςει
633 1828 684 1876 τοῦ
704 1824 928 1878 ἀκολουθοῦντος
947 1824 1097 1890 ςχήματος·
1124 1825 1142 1890 ἡ
1163 1824 1193 1876 δὲ

173 1915 333 1980 παρεμβολή
353 1912 425 1966 ἰδίαν
444 1913 499 1978 ἔχει
518 1912 655 1965 διάνοιαν·
675 1915 720 1964 καλ
738 1916 790 1978 τῆς
808 1914 858 1977 μέν
877 1911 1061 1979 ῦπερβόιςεως,
1081 1913 1150 1964 όταν
1167 1927 1194 1964 τι

175 2004 257 2068 μέρος
279 2007 338 2055 τιῦν
362 2002 547 2066 ὑπαρχόντων
571 2001 652 2067 ἄρῃς,
680 2001 794 2067 βλάψεις
817 2002 867 2054 τὸν
891 2006 960 2054 νοῦν
983 2003 1028 2053 καὶ
1050 2001 1084 2054 τό
1104 2005 1194 2067 ςχῆμα

174 2091 339 2157 ἀναιρήςεις·
366 2091 384 2155 ἡ
411 2091 571 2155 παρεμβολὴ
598 2090 629 2142 δὲ
655 2093 700 2142 καλ
726 2091 777 2156 ὅλη
804 2092 915 2157 ἀρθεῖςα
941 2091 974 2143 οῦ
1002 2089 1116 2154 βλάπτει
1139 2091 1193 2155 τὴν

175 2179 305 2233 διάνοιαν.
344 2178 517 2244 παράδειγμα
537 2180 568 2231 δὲ
586 2181 637 2244 τῆς
655 2182 832 2245 παρεμβολῆς
851 2180 947 2232 καὶτὸ
966 2178 1032 2245 παρ’
1051 2177 1193 2248 Ἡροδότῳ

134 2279 159 2318 15
174 2268 301 2332 κείμενον
320 2271 341 2336 (Ι
360 2269 386 2334 6)
411 2266 535 2333 (Κροῖςος
558 2268 594 2332 ἠν
614 2267 704 2320 Λυδὸς
727 2268 778 2331 μέν
801 2270 834 2321 τὸ
857 2270 951 2333 γένος,
975 2272 1039 2319 παῖς
1063 2267 1093 2319 δέ
1118 2265 1194 2319 Ἀλυ-

176 2357 274 2423 άττεω,
293 2357 430 2422 τύραννος
449 2357 480 2408 δὲ
499 2355 603 2408 ἐθνέων
622 2360 680 2408 τῶν
699 2356 779 2409 ἐντός
795 2357 896 2409 Ἅλυος
914 2360 1051 2420 ποταμοῦ,
1070 2355 1102 2408 ὃς
1120 2356 1193 2421 ῥέων

174 2446 230 2500 ἀπὸ
249 2445 416 2511 μεςημβρίης
434 2446 534 2509 μεταξὺ
550 2444 646 2509 (ύρων
665 2447 710 2497 καὶ
725 2445 918 2501 Καππαδοκῶν
937 2445 1071 2510 καὶπρὸς
1090 2445 1192 2510 βορέην

174 2534 277 2597 ἄνεμον
297 2532 335 2586 εἰς
353 2533 403 2585 τόν
423 2533 550 2585 Εὔξεινον
570 2533 653 2599 έξίηςι
671 2534 784 2587 πόντον.
814 2535 898 2587 οῦτος
917 2534 968 2586 οῦν
988 2531 1124 2604 Κροῑςος’·
1151 2533 1194 2584 ἐν·

173 2625 264 2674 ταῦῦα
287 2623 322 2674 τὰ
346 2623 408 2687 περὶ
431 2625 482 2674 τοῦ
508 2627 635 2685 ποταμοῦ
655 2623 903 2689 παρεμβεβλημένα
922 2623 1006 2676 οῦδὲν
1025 2624 1119 2675 κοινόν
1138 2623 1194 2688 ἔχει

134 2723 160 2761 20
173 2715 232 2762 τοῖς
255 2713 318 2776 περὶ
340 2711 391 2763 τόν
416 2710 540 2776 Κροῖςον·
572 2710 691 2764 ἐδύνατο
714 2711 767 2776 γὰρ
791 2715 836 2764 καλ
860 2712 951 2764 οὕτως
975 2712 1048 2776 ἔχειν
1071 2712 1087 2763 ὁ
1110 2710 1193 2773 λόγος

176 2799 323 2864 *τύραννος
347 2800 377 2852 δέ
401 2799 505 2852 ἐθνέων
528 2804 586 2852 τιῦν
612 2800 691 2853 ἐντός
711 2800 812 2853 Ἅλυος
834 2803 976 2867 ποταμοῦ,
1005 2800 1089 2852 οῦτος
1112 2801 1153 2852 ιῦν
1177 2801 1193 2852 ό

175 2887 306 2952 Κροῖςοθ.

245 3010 298 3063 hoc
316 3009 521 3080 fragmentum,
540 3011 679 3079 imprimis
700 3015 782 3077 6-‘1‚
808 3013 837 3064 et
856 3009 1025 3075 Quintiliani
1043 3011 1130 3064 uerba
1148 3011 1192 3078 (fr.

176 3104 244 3165 όῖα,
265 3101 380 3168 16-19)
399 3099 586 3153 consentiunt.

225 3267 287 3333 *77
309 3275 432 3340 Quinum.
452 3285 484 3329 IX
505 3282 530 3343 3,
550 3280 598 3330 76:
628 3275 704 3330 Theo
731 3275 841 3330 Stoicus
866 3277 1014 3345 πάρισον
1040 3277 1193 3344 existimat,

175 3365 265 3432 quod
284 3364 330 3416 sit
349 3379 363 3417 e
383 3363 544 3418 membris
562 3381 627 3418 non
647 3365 888 3420 dissimilibus.
1042 3354 1048 3367 ²

247 3502 378 3572 βτακείη
405 3505 501 3572 codex,
527 3515 597 3576 τακῇ
623 3506 718 3574 edunt.
805 3512 838 3560 23
858 3507 934 3562 Theo
961 3507 1070 3562 Stoicus
1096 3509 1194 3575 Halm,

175 3575 351 3630 aheostolcus
369 3575 444 3629 A1G.
