2666 3912
500 212 533 261 V.
554 211 641 261 ΠΕΡΙ
659 208 793 260 ΤΨΟΤΣ
1114 204 1155 268 73

138 375 225 434 θους
243 361 296 439 είη
316 368 416 437 μερίς.
453 371 486 423 οῦ
506 369 560 438 μὴν
579 370 642 422 ἀλλ’
657 369 717 424 ἐπεὶ
735 368 767 422 τό
781 366 876 422 πάντα
891 367 1058 437 διακριβοῦν
1072 365 1156 419 πολῦ-

138 479 221 530 εργον
246 459 276 513 ἐν
299 463 337 532 τῷ
356 455 489 525 παρόντι,
513 454 665 526 μᾶλλονδ’
686 454 896 524 ἀπεριόριστον,
921 453 1002 524 όλίγα
1024 463 1080 508 τῶν
1104 451 1156 508 ὅσα

139 517 342 618 μεγαληγορίας
374 546 571 601 ἀποτελεστικὰ
601 554 652 600 τοῦ
685 546 880 599 πιστώσασθαι
910 545 941 598 τὸ
969 540 1154 612 προκείμενον

138 636 221 692 ἕνεκα
240 637 290 690 καλ
308 636 343 706 δὴ
362 633 491 705 διέξιμεν.
520 637 558 705 (2)
577 633 720 700 ἀπόδειξ
706 635 758 700 ξιν
778 634 793 688 ὁ
812 630 988 742 Ληλμοσθί
993 653 1052 701 νης
1070 631 1153 700 όπερ
1169 596 1277 721 690va

138 735 201 780 τῶν
220 723 517 793 πεπολιτευμένων
537 721 698 791 είσφέρει.
730 717 866 786 τίρδ’
849 743 890 792 ην
908 721 925 791 η
944 724 1031 778 κατὰ
1050 723 1153 789 φυσιν
1168 724 1249 778 σκῆμα

137 821 257 887 γρησις
280 814 397 882 αῦτῆς;
427 812 539 884 ὀὐχ
525 810 704 881 ημάρτετε,
732 805 753 864 ὦ
777 810 924 883 <άνδρες
946 810 1151 885 Αθηναῖοι),
1166 828 1178 866 6

138 903 196 958 τὸν
224 901 286 958 ὑπέ
292 924 307 969 ρ
335 910 392 972 τῆς
418 911 484 956 τῶν
507 899 672 968 Ελλήνων
701 899 904 968 ἐλευθερίας
931 902 1046 972 ἀγῶνα
1074 901 1156 970 ἀρά-

138 1009 247 1060 μενοι·
268 991 359 1062 ἔχετε
377 992 414 1048 δὲ
432 992 545 1046 οἰκεῖα
562 990 685 1044 τοῦτου
703 987 979 1058 παραδείγματα·
1000 989 1080 1046 οὐδὲ
1094 990 1156 1061 γάρ

139 1081 170 1134 οἱ
189 1081 225 1135 ἐν
244 1083 441 1147 Μαραθῶνι
464 1077 616 1148 ἥμαρτον
640 1075 713 1132 οὐδ’
734 1077 765 1133 ολ
784 1079 819 1133 ἐν
838 1082 1011 1149 Σαλαμῖνι
1030 1077 1103 1135 οὐδ’
1125 1079 1154 1132 οἱ

138 1169 174 1226 ἐν
194 1171 409 1232 Πλαταιαῑς’.
447 1165 517 1222 ἀλλ’
535 1167 654 1237 ἐπειδὴ
672 1167 832 1234 καθάπερ
857 1169 1087 1237 ἐμπνευσθελς
1106 1169 1156 1234 ἐξ·
1172 1182 1198 1221 1⁰

139 1256 268 1328 αίφνης
293 1259 358 1313 ῦπό
385 1263 469 1314 θεοῦ
495 1258 549 1311 καὶ
577 1256 688 1312 ολονελ
714 1256 948 1331 φοιβόληπτος
974 1255 1159 1328 γενόμενος

138 1348 197 1404 τὸν
229 1357 294 1404 τῶν
327 1345 493 1416 ἀριστέων
524 1354 583 1415 τῆς
613 1344 775 1411 Ἑλλάδος
809 1346 910 1418 ὅρκον
944 1347 1157 1416 ἐξεφώνησεν

139 1439 297 1506 (xvll1208)
319 1437 395 1491 ὀῦκ
414 1437 505 1492 ἐστιν
525 1432 613 1500 ὅπως
631 1437 809 1507 ἡμάρτετε,
828 1437 872 1507 μά
889 1439 969 1501 τοῦς
987 1437 1022 1491 ἐν
1036 1439 1157 1501 Μαρα-

138 1530 228 1581 θῶνι
247 1526 637 1595 προκινδυνεῦσαντας’,
657 1524 820 1596 φαίνεται
840 1524 884 1582 δι’
907 1526 983 1590 ἑνός
1000 1533 1059 1578 τοῦ
1079 1522 1157 1592 ἀμο-

139 1623 236 1669 τικοῦ
256 1616 437 1687 σχήματος,
461 1612 528 1681 ὅπερ
553 1614 659 1670 ἐνθάδε
683 1616 867 1686 ἀποστροφὴν
891 1616 943 1686 ἐγὼ
967 1617 1056 1680 καλῶ,
1078 1613 1157 1674 τοῦς
1172 1626 1197 1666 ιε

139 1705 198 1774 μὲν
221 1703 415 1775 προγόνους
438 1703 656 1769 ἀποθεάσας,
683 1701 734 1759 ὅτι
758 1709 812 1760 δεῖ
836 1706 916 1769 τοῦς
942 1701 1048 1766 οὕτως
1073 1702 1157 1755 ἀπο-

139 1792 316 1855 θανόντας
334 1794 375 1857 ὡς
392 1793 498 1856 θεοὺς
517 1791 665 1861 ὀμνύναι
684 1793 917 1862 παριστάνων,
938 1801 1012 1857 τοῖς
1029 1793 1064 1847 δὲ
1084 1791 1157 1861 κρί-

141 1900 238 1938 νουσι
261 1883 297 1936 τὸ
321 1891 385 1936 τῶν
409 1883 480 1937 ἐκεῖ
501 1882 871 1953 προκινδυνευσάντων
895 1882 1048 1943 ἐντιθείς
1073 1881 1156 1951 φρό·

140 1991 242 2040 νημα,
270 1970 329 2039 τὴν
355 1971 391 2025 δέ
415 1979 474 2041 τῆς
499 1971 709 2038 ἀποδείξεως
735 1972 839 2042 φῦσιν
866 1971 1085 2040 μεθεσκακὼς
1110 1971 1159 2033 είς

139 2059 352 2132 ὑπερβάλλον
375 2059 462 2129 ὕφος
484 2063 542 2115 καί
563 2061 679 2126 πάθος
697 2063 754 2116 καί
773 2059 878 2126 ξένων
896 2060 954 2115 καί
973 2060 1157 2127 ὑπερφυῶν
1172 2071 1198 2110 20

140 2147 249 2216 ὅρκων
269 2147 503 2217 ἀξιοπιστίαν,
522 2153 579 2205 καί
598 2151 665 2221 ἅμα
684 2148 855 2206 παιώνιόν
873 2169 951 2203 τινα
969 2149 1026 2203 καλ
1046 2149 1157 2213 ἀλεξι-

140 2238 661 2311 φάρμακονείςκάςφυγάςτῶν
676 2237 875 2313 ἀκουόντων
889 2237 1157 2307 καθιελςλόγον,

140 2328 181 2389 ὡς
206 2325 479 2395 κουφιζομέυους
504 2329 569 2383 ὑπὸ
595 2337 660 2383 τῶν
686 2326 859 2399 ἐγκωμίων
885 2327 991 2397 μηδὲν
1017 2327 1158 2382 ἔλαττον

139 2423 176 2486 τῇ
195 2414 283 2487 μάχη
302 2423 339 2486 τῇ
362 2416 447 2483 πρὸς
462 2415 634 2471 Φίλιππον
654 2415 671 2486 ἢ
691 2417 746 2471 ἐπί
764 2427 836 2480 τοῖς
853 2415 939 2471 κατά
953 2419 1158 2483 Μαραθῶνα

139 2506 197 2559 καλ
216 2507 396 2572 Σαλαμῖνα
419 2504 636 2575 νικητηρίοις
657 2504 897 2574 παρίστασθαι
920 2512 1077 2574 φρονεῖν·
1107 2500 1198 2566 οίςεσ

139 2602 223 2648 πᾶσι
242 2593 322 2656 τοῦς
340 2593 514 2661 ἀκροατάς
533 2593 590 2648 διά
608 2603 667 2650 τοῦ
687 2601 920 2665 σχηματισμοῦ
936 2591 1158 2661 συναρπάσας

141 2681 253 2757 ᾤχετο.
282 2685 320 2750 (3)
334 2679 426 2736 καίτοι
440 2681 533 2750 παρά
546 2687 588 2753 τῷ
604 2681 773 2739 Εὐπόλιδι
786 2692 845 2736 τοῦ
861 2681 964 2750 ὅρκου
978 2682 1013 2736 τὸ
1029 2679 1159 2749 σπέρμα

140 2771 229 2840 φασίν
248 2772 415 2839 εὑρῆσθαι
434 2770 477 2840 (fr.
497 2777 531 2824 90
549 2779 561 2825 Ι
579 2776 631 2825 979
649 2771 695 2840 Κ.)
715 2772 718 2844 l

249 2860 287 2913 οῦ
306 2857 368 2928 γὰρ
387 2859 508 2929 μάτην
526 2864 723 2928 Μαραθῶνι
740 2859 801 2930 τὴν
820 2860 902 2931 ἐμὴν
921 2859 1030 2930 μάγην
1171 2863 1205 2911 ’40
1218 2855 1251 2912 V.

248 2945 376 3020 χαίρων
394 2967 445 3012 τις
463 2949 574 3003 αὐτῶν
593 2949 719 3018 τούμὸν
738 2950 881 3020 ἀλγυνεῑ
898 2947 987 3017 κέαρ.
1173 2962 1199 3001 ³0

178 3038 234 3092 ἐστι
253 3033 282 3092 δ’
300 3037 334 3091 οῦ
351 3036 383 3091 τὸ
403 3035 532 3092 ὁπωσοῦν
550 3037 614 3092 τινὰ
634 3035 735 3106 ὀμόσαι
753 3037 837 3108 μίγα,
858 3037 891 3092 τό
909 3037 941 3094 δὲ
959 3045 1015 3091 ποῦ
1034 3035 1160 3098 καὶπῶς

212 3185 266 3232 4εε
286 3178 321 3233 ef.
340 3178 373 3231 fr.
394 3183 436 3233 60.
509 3186 548 3232 bs
568 3178 603 3233 ef.
621 3180 654 3234 fr.
675 3187 718 3245 50,
734 3185 778 3234 9ο.
853 3186 886 3234 18
905 3180 981 3234 idem
1000 3179 1160 3248 exemplum

140 3268 248 3339 legitur
266 3267 298 3322 fr.
319 3272 351 3320 61
372 3285 399 3335 p.
419 3272 462 3334 43,
482 3273 497 3319 4
517 3271 546 3323 et
564 3268 598 3321 fr.
619 3274 676 3324 61ο
694 3287 721 3338 p.
742 3274 785 3336 43,
805 3274 847 3322 21.

142 3377 356 3388 ..—.-—-.-——-

214 3444 352 3512 θάνδρες
368 3441 512 3512 Ἀθηναῖοι
541 3446 606 3499 add.
629 3445 781 3499 Manutius,
892 3451 925 3499 13
949 3443 1054 3515 ἥμαρτε
1079 3446 1159 3504 liber.

141 3519 298 3642 arrectum
324 3531 359 3570 ex
377 3515 572 3570 Demosthene.
665 3522 696 3570 21
716 3519 856 3573 παιώνιον
874 3517 982 3584 Morus,
1008 3519 1160 3572 παιώνειον

154 3607 163 3642 ι
185 3605 222 3642 er.
