2666 3912
159 211 202 274 92
256 213 317 264 VH.
337 213 425 262 ΠΕΡΙ
443 212 518 263 ΤΟΥ
537 211 779 262 ΧΑΡΑΚΤΗΡΟΣ
797 209 872 261 ΤΩΝ
890 211 986 260 ΔΕΚΑ
1003 209 1176 260 ΡΗΤΟΡΩΝ

159 375 178 452 ἡ
216 375 381 452 καταδίκη·
426 373 664 452 ,Προδοείαε
701 372 834 451 ὦφλον
871 372 1178 451 Ἀρχεπτόλεμοτ

160 481 390 560 Ἱπποδάμου
414 481 644 559 Ἀγρυλῆθεν
668 481 814 557 παρῶν,
841 479 1028 557 Ἀντιφῶν
1053 478 1177 556 (ωφί-

162 593 229 653 λου
260 588 507 666 Ῥαμνούειοε
541 588 685 665 παρών·
722 587 877 650 τούτοιν
909 587 1064 664 ἐτιμήθη
1095 589 1177 649 τοῖε

162 696 300 759 ἕνδεκα
337 699 604 773 παραδοθῆναι
638 695 699 757 καὶ
730 694 775 756 τὰ
807 694 980 772 χρήματα
1017 693 1179 771 δημόεια

134 801 195 866 sel
200 823 261 865 ναι
290 804 350 865 καὶ
377 806 443 879 τῆε
467 805 556 865 θεοῦ
580 802 622 864 τὸ
648 801 889 864 ἐπιδέκατον
918 801 978 862 καὶ
1001 800 1051 862 τῶ
1076 799 1180 863 οἰκία

160 909 399 987 κατατκάψαι
429 909 563 972 αὐτοῖν
592 909 653 970 καὶ
682 906 797 985 ὅρουε
821 910 945 970 θεῖναι
968 906 1006 986 <έ
1012 905 1072 987 πὶ>
1095 909 1179 970 τοῐν

161 1017 400 1090 οἰκοπέδοιν,
438 1014 728 1093 ἐπιγράψαντα(
762 1012 1084 1092 “Ἀρχεπτολέμου
1117 1015 1179 1075 καὶ

160 1122 418 1200 Ἀντιφῶντοε
450 1126 533 1185 τοῖν
567 1119 808 1200 προδόταιν’·
841 1122 892 1184 τῶ
926 1122 966 1182 δὲ
999 1119 1180 1198 δημάρχω

161 1229 359 1307 ἀποφῆναι
395 1231 465 1306 τὴν
503 1229 636 1292 οὐτίαν
674 1227 820 1290 αὐτοῖν·
858 1227 919 1290 καὶ
956 1229 1001 1304 μὴ
1035 1227 1180 1292 ἐξεῖναι

89 1335 284 1414 λιτοθάψαι
315 1334 620 1412 Ἀρχεπτόλεμον
651 1335 710 1396 καὶ
741 1333 978 1412 Ἀντιφῶντα
1007 1333 1181 1410 Ἀθήνητι

161 1441 243 1520 μηδ
272 1441 360 1519 ὅεηε
384 1441 578 1519 Ἀθηναῖοι
606 1445 797 1519 κρατοῦει·
826 1441 886 1503 καὶ
914 1439 1051 1518 άτιμον
1079 1437 1180 1504 εἶναι

161 1549 467 1627 Ἀρχεπτόλεμον
495 1550 556 1611 καὶ
578 1548 815 1626 Ἀντιφῶντα
843 1548 903 1610 καὶ
932 1548 1045 1621 γένοε
1073 1547 1115 1610 τὸ
1141 1546 1181 1608 ἐκ

161 1656 332 1730 τούτοιν,
356 1657 416 1719 καὶ
440 1656 580 1719 νόθουε
603 1656 663 1718 καὶ
687 1655 877 1732 γνηείουε
907 1655 968 1716 καὶ
991 1652 1058 1716 ἐάν
1081 1651 1181 1734 (ric)

161 1763 366 1840 ποιήεηταὶ
390 1783 475 1825 τινα
497 1766 573 1825 τῶν
598 1763 634 1827 έξ
654 1761 959 1840 Ἀρχεπτολέμου
983 1761 1043 1823 καὶ
1062 1759 1179 1823 Ἀντι-

121 1888 146 1928 15
161 1873 327 1947 φωντοε
357 1867 490 1948 ἄτιμοε
518 1868 652 1933 έετιυ
640 1886 949 1945 οποιηεαμενοε
996 1868 1181 1930 τοῦτοδὲ

161 1976 376 2054 γράψαιν
338 1977 376 2038 ἐν
408 1977 520 2058 ετήλῃ
552 1979 684 2059 χαλκῇ,
715 1973 819 2055 (καὶ)
846 1974 989 2058 ᾗπερ
974 1993 1018 2038 αν
1046 1975 1106 2036 καὶ
1135 1972 1181 2035 τὰ

233 2221 267 2273 de
286 2219 364 2274 fonte
384 2219 525 2274 Caecilii
517 2238 547 2272 111
566 2220 692 2273 diuersas
711 2219 807 2288 peries
827 2218 1019 2272 disseruerunt
1038 2217 1069 2271 P.
1088 2216 1181 2270 Kreuh

162 2310 208 2378 (de
222 2309 330 2363 Crateri
348 2308 537 2378 ψηφισμάτων
557 2317 702 2379 συναγωγῇ
722 2309 751 2360 ολ
770 2308 804 2362 de
823 2307 893 2361 loeis
913 2306 1022 2374 aliquoi
1035 2305 1181 2360 Plutarchi

163 2415 197 2452 ex
212 2414 245 2451 ea
258 2398 365 2467 petitis,
380 2397 452 2451 Diss.
467 2397 557 2451 Βοτολ
570 2402 647 2463 1888,
662 2416 689 2466 p.
701 2400 744 2467 20)
760 2399 789 2450 ei
803 2397 866 2450 Keil
880 2396 983 2466 (Herm.
994 2404 1097 2464 XXXp.
1109 2401 1181 2448 2136

163 2489 322 2555 66231966)
347 2486 381 2540 ci
401 2487 488 2540 elium
512 2486 651 2540 Susemihl
674 2487 772 2554 epikrit
762 2487 858 2541 tisebes
880 2503 915 2540 αα
934 2485 1099 2538 Heliodoros
1122 2485 1182 2538 dem

158 2577 321 2646 12666696666,
339 2574 503 2644 Philologus
522 2583 575 2629 LIX
595 2580 664 2629 1900
683 2595 710 2645 ρ.
730 2581 813 2628 6156

232 2753 301 2820 103
326 2754 375 2843 (
394 2753 484 2842 513.)
515 2755 671 2821 Puourvs
696 2756 773 2819 bibl
752 2755 865 2819 leod.
885 2753 949 2818 259
973 2775 1003 2836 p.
1022 2749 1104 2816 486¹>
1126 2751 1181 2815 14:

162 2863 181 2926 6
215 2864 323 2942 μέντοι
357 2865 584 2943 (ικελιῶτητ
619 2865 791 2928 Κεκίλιοε
829 2864 869 2941 μὴ
903 2860 1071 2940 κεχρῆτθαί
1104 2881 1180 2938 φητι

124 2971 222 3032 αυτὸν
251 2969 372 3048 ῥήτορα
399 2974 467 3034 roi(
494 2975 551 3048 τῆ(
575 2973 718 3035 διανοίαε
743 2971 906 3049 εχήματιν,
938 2967 1021 3030 ἀλλὰ
1044 2968 1181 3030 κατευθὺ

165 3077 252 3161 αὐτῷ
285 3078 336 3140 καὶ
370 3076 551 3142 ἀπλάττουε
580 3078 638 3142 τὰ(
668 3078 792 3154 νοήεειε
823 3076 1023 3154 ἑκφέρετθαι·
1056 3074 1181 3151 τροπὴν

3 1201 5 1262 l

162 2083 386 2161 ψηφίεματα
404 2082 448 2144 τὰ
467 2084 554 2160 περὶ
572 2082 778 2159 Φρυνίχου,
803 2082 863 2144 καὶ
881 2084 997 2144 τοῦτο
1017 2081 1179 2144 666661‘.

3 2729 5 2840 i

3 2867 5 3032 l

3 3007 5 3144 i

3 3139 5 3200 i

3 3235 5 3326 l

235 3221 323 3268 19-
340 3234 367 3284 p
388 3221 431 3283 93,
451 3222 484 3270 10
502 3217 570 3270 uide
588 3216 621 3269 fr
643 3221 728 3280 1036,
748 3214 823 3283 quod
843 3213 947 3267 similis
966 3211 1099 3266 continet.

235 3369 291 3428 16
310 3375 393 3443 φίλον
410 3376 486 3441 libri,
506 3393 573 3429 corr
594 3375 749 3429 Turnebus.
830 3373 964 3426 6666666
979 3370 1069 3436 Blass,
1089 3371 1182 3426 αὐτῶν

162 3444 237 3498 libri
293 3446 338 3500 ἐπὶ
353 3448 416 3501 edd.
427 3448 516 3501 Blass
576 3453 591 3500 9
607 3445 797 3515 ἀποφῆναι
769 3466 821 3513 την
835 3442 982 3498 οάσίαν’
949 3442 1181 3496 666666Wesiet-

162 3533 261 3583 mann,
286 3517 434 3587 ἀποφῆναί
451 3539 479 3572 τε
499 3517 594 3574 οἰκίαν
612 3521 641 3580 ἐς
658 3516 708 3572 τὸν
728 3516 803 3570 libri
895 3520 928 3568 13
947 3534 989 3575 τις
1008 3512 1071 3566 666.
1091 3513 1180 3566 Blass.

164 3592 196 3640 16
216 3559 265 3641 καλ
284 3589 348 3643 add.
364 3590 569 3644 Westennann.
644 3594 676 3642 17
695 3588 796 3642 τούτου
814 3586 889 3653 iibri,
907 3593 989 3639 τοῦτο
1007 3583 1119 3637 Reiske
