2676 3920
510 232 556 280 IV.
577 231 663 280 ΠΕΡΙ
682 229 884 280 ΣΧΗΜΑΤΩΝ

348 394 399 442 τοῦ
420 389 445 441 δ’
464 390 520 453 ἐγὼ
540 389 633 442 ἀντίοε
652 390 714 455 εἶμι,
734 391 779 441 καὶ
798 387 821 440 εἰ
840 390 906 454 πυρλ
925 393 1017 454 χεῖρα(
1036 389 1134 454 ἔοικεν,

351 477 374 530 εἰ
392 481 458 544 πυρὶ
477 483 569 544 χεῖρα(
588 480 668 531 ἐοικε.

207 646 209 651 ¹
257 663 329 730 611)
350 670 472 736 vann.
492 680 525 724 IX
540 677 564 738 3,
579 677 626 724 44:
642 673 747 740 prioris
766 674 847 726 etiam
865 673 1015 726 sententiae
1033 672 1146 726 uerbum
1164 673 1208 725 υῑ-

190 764 287 816 timum
305 778 338 814 αο
355 763 490 829 sequentis
508 759 670 832 <μνιωυω>
689 763 843 829 frequenter
861 767 899 815 est
916 761 1001 828 ἑάοω,
1026 777 1080 829 que
1099 762 1208 830 quidem

163 865 176 904 5
190 851 320 904 schemate
338 856 457 904 utentur
471 856 567 918 poetae
584 852 701 918 ναομιυο.

260 991 297 1045 ad
311 990 364 1045 hoc
378 991 411 1045 fr.
427 990 461 1045 cf.
477 991 509 1045 fr,
526 997 559 1045 61
573 1009 600 1060 p.
615 997 659 1058 43,
675 997 743 1044 6-9
758 994 787 1046 et
802 998 860 1046 61α
873 1010 900 1060 p.
916 997 959 1059 43,
975 997 1008 1045 22
1024 1023 1057 1030 -
1073 997 1116 1059 44,
1132 997 1155 1045 2.

261 1079 428 1144 Quintiliani
442 1079 549 1133 foniem
565 1079 716 1133 Caecilium
731 1096 790 1134 esse
806 1078 833 1134 C.
849 1099 866 1132 n
881 1079 1033 1134 Moniwsm
1047 1079 1065 1133 I.
1079 1098 1099 1134 s.
1115 1099 1141 1150 p.
1153 1085 1207 1133 ὁδε

190 1168 321 1222 ostendit.

257 1357 303 1422 62
337 1364 464 1418 Tmnmvs
479 1371 513 1418 III
530 1382 557 1432 p.
570 1370 612 1430 72,
624 1369 639 1416 6
651 1365 710 1433 Sp:
731 1370 827 1431 κλῑμαξ
843 1368 873 1419 δέ
887 1367 959 1420 ἐςτιν
974 1367 1052 1432 ὅταν,
1070 1364 1207 1418 εἰεπολλά

190 1457 266 1508 κῶλα
289 1456 353 1507 ἑνὸε
376 1455 571 1520 ἐνθυμήματος
597 1457 804 1522 διαιρουμένου,
834 1456 949 1508 ἐκαετον
972 1457 1064 1508 κῶλον
1088 1455 1208 1520 ἄρχηται

190 1546 245 1598 ἀπὸ
273 1549 324 1597 τοι)
349 1545 380 1598 ἐν
403 1549 444 1612 τῷ
468 1545 673 1613 προηγουμένῳ
697 1545 779 1613 κώλῳ
804 1543 972 1597 τελευταίου.
1011 1542 1207 1608 μετενήνεκται

190 1634 221 1686 δέ
243 1634 277 1685 τὸ
302 1634 392 1697 ὄνομα
416 1634 471 1685 ἀπὸ
494 1637 553 1685 τῶν
573 1634 785 1698 ἀναβαινόντων
804 1634 854 1686 τὰ(
873 1632 1018 1697 κλίμακας·
1042 1633 1134 1697 ὥοπερ
1151 1631 1206 1697 γὰρ
1314 1679 1315 1684 ,

152 1735 176 1772 ιο
192 1721 306 1774 ἐκείνοι(
324 1722 359 1774 τὰ
377 1724 523 1774 τελευταῖα
542 1725 641 1787 πρῶτα
660 1721 765 1785 γίνεται
784 1722 855 1775 κατὰ
873 1724 927 1788 τὴν
941 1725 1000 1774 τῶν
1014 1723 1111 1773 ποδῶν
1126 1720 1207 1784 μετά-

189 1814 275 1876 θεειν,
300 1811 376 1863 οὕτω
401 1814 446 1863 καὶ
469 1810 500 1862 ἐν
523 1816 564 1879 τῷ
587 1810 704 1876 εχήματι
722 1812 815 1878 τούτῳ
834 1811 870 1863 τὰ
888 1815 947 1863 τῶν
959 1811 1087 1875 πρώτων
1107 1809 1207 1861 κώλων

189 1901 334 1952 τελευταῖα
352 1903 412 1952 τῶν
431 1900 643 1965 ἐπιφερομένων
663 1901 734 1965 ἀρχή
754 1899 866 1963 γίνεται.
901 1899 1070 1965 εαφέετερον
1090 1895 1119 1950 δ’
1133 1898 1207 1950 ἐεται

190 1993 248 2040 τοῑ(
267 1987 495 2053 παραδείγματιν·
518 1987 586 2040 ὀὐκ
604 1989 684 2041 εἷπον
704 1989 754 2052 μέν
768 1993 866 2054 ταῦτα,
886 1989 939 2040 οὐκ
953 1989 1063 2053 ἔγραψα
1077 1988 1119 2039 δέ·
1140 1986 1207 2038 οὐδέ

190 2077 300 2142 ἔγραψα
320 2077 378 2142 μέν,
398 2077 450 2128 οὐκ
465 2077 629 2142 ἐπρέτβευεα
645 2078 687 2130 δέ·
708 2075 774 2130 οὐδ’
788 2077 954 2143 ἐπρέτβευεα
970 2077 1027 2143 μέν,
1048 2076 1100 2128 οὐκ
1114 2068 1208 2128 ἐπεκα

151 2177 177 2216 15
191 2165 222 2217 δέ
241 2164 394 2231 Θηβαίουθ
416 2162 569 2231 (Demosth.
584 2171 660 2216 XVIII
677 2165 738 2232 179)
757 2167 802 2217 καί
820 2166 854 2217 τὸ
874 2165 904 2232 (Β
921 2165 1072 2230 102-107)

297 2253 448 2319 ’Ἠφαιετοε
468 2254 517 2317 μέν
537 2255 610 2305 δῶκε
629 2253 676 2306 Διῖ
696 2253 829 2318 Κρονίωνι
847 2254 952 2318 ἄνακτι,

297 2343 386 2408 αὐτὰρ
405 2343 458 2408 ἄρα
477 2343 548 2394 Ζεὺ(
568 2343 640 2394 δῶκε
660 2343 798 2410 διακτόρῳ
819 2342 1016 2408 Ἀργεϊφόντην·

298 2430 420 2497 Ἑρμείας
439 2431 469 2483 δέ
488 2431 557 2484 ἄναξ
576 2433 666 2483 δῶκεν
684 2431 791 2484 Πέλοπι
810 2429 965 2497 πληξίππῳ,

297 2520 385 2585 αὐτὰρ
405 2519 420 2570 ὁ
440 2519 508 2571 αὖτε
525 2518 625 2585 Πέλοψ
645 2518 713 2571 δῶκ’
733 2518 821 2584 Ἀτρέϊ
840 2519 949 2583 ποιμένι
968 2521 1055 2570 λαῶν·

150 2622 175 2660 ιο
298 2608 409 2674 Ἀτρεὺε
428 2608 458 2660 δέ
477 2608 604 2673 θνήεκων
623 2609 714 2660 ἔλιπεν
733 2609 867 2673 πολύαρνι
886 2607 1001 2675 Θυέετῃ,

297 2697 386 2762 αὐτὰρ
405 2698 420 2749 ὁ
441 2697 507 2749 οὔτε
526 2696 622 2749 Θυέττ’
642 2697 824 2761 Ἀγαμέμνονι
842 2698 918 2748 λεῖπε
937 2698 1067 2762 φορῆναι.

190 2788 262 2839 τινέ(
281 2788 312 2839 δέ
330 2785 468 2850 νομίζουει
486 2789 572 2837 τοΟτο
590 2786 623 2837 τὸ
644 2789 732 2851 εχήμα
750 2785 783 2838 τὸ
799 2785 868 2837 αὐτὸ
883 2786 952 2837 εἶναι
965 2789 1001 2852 τῇ
1016 2784 1206 2850 ἀναδιπλώτει,

190 2876 342 2940 ἠγνοήκαα
365 2875 395 2926 δέ
419 2875 462 2926 ὅτι
484 2875 502 2939 ἡ
528 2875 577 2939 μέν
601 2874 783 2927 ἀναδίπλωειε
806 2873 836 2926 ἐν
860 2875 910 2925 δύο
930 2874 1028 2925 κώλοιε
1045 2872 1163 2938 γίνεται,
1187 2873 1205 2937 ἡ

191 2965 221 3017 δὲ
240 2967 336 3029 κλῑμαξ
356 2964 386 3015 ἐν
404 2965 525 3030 πολλοῑε,
545 2965 588 3015 καὶ
608 2965 651 3014 ὅτι
669 2962 793 3028 πλήθουε
812 2963 929 3027 έμφαειν
948 2962 1098 3028 ἐργάζεται.

262 3121 366 3174 magna
389 3103 545 3157 similitudo
568 3103 720 3157 intercedit
741 3103 815 3155 inter
837 3102 912 3155 hune
934 3101 1027 3155 locum
1048 3104 1078 3156 et
1094 3101 1129 3155 fr.
1149 3107 1207 3156 IIIa

191 3196 220 3246 et
238 3192 271 3246 fr.
292 3195 354 3247 624.
428 3192 478 3245 hos
497 3194 555 3245 tres
573 3191 649 3245 Ιοοοε
669 3208 702 3244 ex
721 3190 843 3244 Caecilio
863 3191 1043 3259 depromptos
1063 3206 1123 3244 esse
1142 3188 1169 3244 ὓ.
1190 3209 1207 3242 n

191 3281 343 3334 Monnwsm
360 3280 378 3334 I.
400 3299 419 3334 s.
439 3299 466 3349 p.
488 3286 521 3335 54
541 3282 570 3334 et
587 3280 717 3334 Minnnns
736 3279 753 3332 I.
775 3298 795 3333 s,
815 3299 842 3350 p.
861 3285 935 3346 17,1
956 3281 985 3332 et
1003 3278 1127 3332 Βιποαιτ
1146 3279 1163 3331 I.
1185 3297 1206 3333 s.

191 3389 218 3439 p.
239 3374 272 3422 39
292 3369 427 3423 iudicant.

259 3553 280 3600 ‚4
298 3547 422 3615 primum
441 3548 504 3601 add.
523 3547 640 3602 Badius.
716 3553 748 3600 14
768 3543 830 3601 οὐδ’
848 3563 916 3600 corr.
933 3545 1055 3616 Spengel
1073 3561 1108 3598 ex
1120 3544 1208 3614 Dem.‚

192 3619 245 3673 ουκ
263 3617 369 3672 Tiberii
389 3619 483 3672 codex.
