2666 3910
175 185 240 235 XVI
573 185 791 235 PROOEMIVM

175 352 315 411 monins
338 353 563 425 personatus.
608 350 785 411 Plutarchus
808 351 872 426 ipse
892 348 1015 410 Caecilii
1038 348 1192 430 σύγκρισιν

177 436 395 517 Δημοσθένους
421 437 471 500 καὶ
493 437 663 520 Κικέρωνος
689 441 821 516 inspexit
848 442 878 498 et
904 441 1046 499 acerrime
1069 441 1194 516 carpsit3
1318 437 1319 454 ¹

176 531 304 590 fortasse
328 530 391 588 eius
414 529 524 588 librum
547 525 613 610 περὶ
637 529 738 606 ὕψους
760 529 848 588 uidit.
884 529 1051 588 Fauorinus
1072 526 1194 588 Caecilii
1318 541 1319 604 ἶ

176 617 389 699 συγγράμματα
407 614 480 696 ὑπὲρ
495 619 625 697 Λυσίου,
645 619 725 695 quod
738 618 927 678 Immischius
946 621 1020 678 satis
1039 620 1128 678 cortu
1147 637 1194 677 ar·
1318 651 1319 690 1

178 710 327 786 gumentis
345 707 495 783 probauit,
514 709 589 787 legit
608 710 638 767 et
657 709 736 784 quod
754 709 825 767 usui
844 710 916 781 erat,
936 709 1093 783 exscripsit
1111 700 1194 788 (uide
1318 719 1319 728 ¹

177 798 257 856 infra
275 818 303 874 p.
318 797 432 855 XXXII
451 802 480 857 et
498 819 527 874 p.
539 791 649 879 XVII).
673 797 781 856 Vtrum
795 796 981 871 Ammonius,
996 799 1047 873 qui
1061 799 1193 873 uocatur,
1318 811 1319 822 ¹

178 888 241 946 siue
250 886 351 962 potius
362 887 528 946 Herennius
539 887 625 946 Philo
638 878 721 967 (uide
733 885 825 961 Cohn‚
834 885 1093 962 Pauly-Wissowa
1102 885 1169 944 RE.
1181 885 1195 942 I

177 969 324 1058 11866),
338 978 421 1036 euius
436 978 614 1055 glossarium
629 978 707 1035 circa
722 996 834 1035 annum
848 977 1040 1036 centesImum
1051 976 1195 1050 composi-

177 1068 243 1125 tum
262 1068 315 1140 est,
334 1067 397 1142 ipse
413 1065 576 1124 Caeciliam
594 1065 626 1123 in
643 1085 730 1125 usum
744 1067 906 1139 uocauerit,
926 1085 964 1124 an
982 1064 1072 1123 huius
1086 1063 1196 1122 doctri-

177 1175 247 1214 nam
262 1175 296 1214 11
311 1157 371 1214 alio
385 1155 476 1230 fonte,
496 1156 610 1214 scilicet
624 1175 659 1213 11
674 1154 890 1231 Lysimachide,
905 1155 1057 1232 cognitam
1075 1153 1196 1226 referat,

178 1245 259 1322 quod
277 1245 353 1303 mihi
375 1245 472 1322 magis
491 1245 654 1304 uerisimile
673 1244 802 1318 uidetur,
827 1243 989 1302 diiudicare
1013 1260 1073 1302 101
1091 1244 1195 1301 ausim.

244 1333 300 1392 His
320 1334 439 1392 adnecti
456 1337 582 1410 possunt
599 1334 752 1406 nonnulla,
771 1352 897 1409 quorum
916 1335 998 1390 aetas
1017 1333 1127 1392 certius
1147 1331 1195 1388 de·

178 1423 259 1482 finiri
285 1424 397 1499 nequit.
445 1423 588 1499 Spectant
612 1423 670 1482 huo
693 1424 793 1482 uitae
816 1421 935 1480 decom
959 1423 1144 1481 oratorum
1168 1424 1198 1477 et

180 1513 321 1573 scholia
338 1514 371 1570 in
385 1511 563 1571 Aeschinem
577 1512 866 1587 Demosthencmquc
884 1511 1060 1585 conscripta.
1087 1509 1133 1566 llx
1150 1509 1198 1567 his

181 1602 310 1662 dilucide
338 1605 475 1678 apparet,
504 1604 618 1678 quanta
645 1601 824 1660 auctoritate
849 1599 973 1660 Caecilii
995 1599 1144 1658 sententia
1166 1600 1198 1656 in

180 1691 352 1751 recentioris
381 1694 525 1767 temporis
557 1690 679 1769 uulgari
707 1692 832 1750 scientia
860 1681 960 1772 (κοινῇ
989 1680 1116 1771 ἱστορίᾳ)
1144 1687 1195 1747 fio·

180 1782 281 1840 ruerit.
332 1780 411 1840 Nam
438 1799 580 1856 persaepe
609 1779 755 1838 Caecilius
787 1779 1049 1850 commemoratur,
1080 1780 1116 1835 ut
1143 1776 1197 1834 du·

180 1870 263 1928 bium
282 1888 344 1928 esse
367 1889 427 1928 non
445 1871 548 1945 possit,
570 1871 644 1944 quin
662 1888 731 1944 pars
750 1867 870 1944 quidem
888 1868 1033 1927 librorum
1051 1866 1104 1924 illo
1123 1869 1199 1924 tem-

180 1979 252 2036 pore
275 1979 335 2018 non
357 1961 462 2038 ignota
484 1959 577 2018 fuerit
600 1960 629 2015 et
653 1958 773 2017 assidua
795 1958 922 2016 lectione
945 1957 1043 2014 fructa
1067 1957 1114 2014 sit.

248 2048 402 2108 Hadriano
426 2050 573 2124 principe,
601 2050 636 2106 ut
658 2049 691 2106 in
714 2049 854 2122 sequiora
875 2049 1012 2121 tempora
1035 2043 1126 2104 altius
1150 2043 1200 2102 de·

183 2138 330 2212 scendam,
354 2136 477 2196 Caecilii
500 2138 612 2212 scripta
635 2137 768 2196 studiose
786 2137 924 2196 lectitata
943 2153 1005 2194 esse
1024 2136 1201 2211 argumento

183 2229 254 2287 sunt
267 2227 433 2301 Neocles,
446 2225 664 2300 Alexander,
677 2226 784 2302 Theo,
799 2224 1054 2299 Harpocratio.
1078 2222 1137 2282 Hic
1149 2241 1201 2280 no-

182 2316 307 2375 tandum
331 2319 375 2376 est
398 2319 534 2376 nostrum
556 2317 618 2373 iam
641 2317 763 2389 iterum,
788 2313 867 2390 quod
889 2315 953 2372 tam
977 2331 1064 2388 saepe
1087 2312 1203 2370 factum

184 2425 247 2466 esse
269 2406 413 2480 uidimus,
441 2405 621 2483 impugnari.
666 2405 866 2480 Harpocratio
889 2404 984 2477 enim,
1006 2403 1041 2460 ut
1064 2420 1099 2460 11
1121 2401 1202 2477 frag·

183 2498 284 2554 mento
315 2497 376 2554 155
404 2514 426 2554 1.
449 2492 571 2570 ἐξούλης
605 2495 743 2569 apparet,
772 2491 895 2551 Caecilii
926 2491 1096 2550 doctrinam
1127 2489 1202 2549 satir

185 2587 294 2644 acriter
316 2585 470 2643 refutauit.
518 2583 581 2654 Quo
605 2602 665 2641 non
687 2581 876 2658 prohibetur,
899 2581 1056 2657 quominus
1079 2578 1113 2636 in
1135 2578 1203 2638 aliis

187 2674 349 2733 Caecilium
372 2675 522 2749 sequatur.
568 2672 669 2731 Pauca
692 2674 769 2746 sunt,
794 2689 870 2746 quae
893 2669 1128 2745 Apollonius,
1152 2667 1204 2742 qui

186 2765 282 2822 altera
298 2765 385 2839 parte
399 2761 523 2822 secundi
536 2761 648 2820 saeculi
662 2761 747 2835 uixit,
762 2779 797 2818 11
812 2758 941 2818 Caecilio
959 2758 1091 2818 lucratus
1107 2760 1160 2831 est,
1178 2756 1205 2814 si

186 2852 274 2912 modo
297 2873 329 2911 rc
348 2871 420 2910 uera
435 2850 598 2912 Caecilium
615 2851 715 2926 ipsum
732 2849 815 2926 legit.
853 2848 930 2908 Item
947 2866 995 2908 res
1014 2865 1045 2906 se
1063 2845 1154 2904 habet
1172 2846 1205 2903 in

188 2941 370 3001 Clemente
388 2939 637 2999 Alexandrino
657 2958 722 2998 oum
738 2937 898 3014 Apollonio
916 2939 1014 2995 aetate
1032 2936 1206 3010 coniunct03

186 3031 276 3089 illum
295 3030 419 3089 Caecilii
441 3030 534 3090 libros
556 3031 690 3106 integros
713 3029 831 3086 nouisse
852 3026 970 3086 credere
993 3043 1052 3083 non
1075 3041 1206 3101 possum.

254 3120 361 3195 Itaque
379 3120 534 3178 ueniamus
559 3117 596 3175 ad
619 3117 802 3176 Laertium
824 3115 1022 3193 Diogenem
1045 3116 1075 3174 ot
1093 3111 1207 3170 Athe·

188 3227 312 3267 naeum
333 3207 598 3284 dipnosophistam,
613 3208 666 3282 qui
679 3207 778 3283 prima
790 3207 877 3281 parte
891 3203 1004 3264 saeculi
1016 3203 1101 3261 tertii
1114 3219 1208 3278 opera

189 3315 243 3356 sua
266 3299 502 3372 composuerunt.
548 3295 584 3353 ln
607 3297 734 3371 utroque
757 3293 887 3374 uestigia
911 3292 1034 3352 Caecilii
1060 3290 1208 3351 librorum

190 3387 315 3446 notitiae
337 3388 433 3445 inesse
456 3385 604 3444 uidentur.
648 3383 775 3444 Omnino
798 3385 864 3459 ipso
888 3384 978 3441 tertio
1002 3380 1120 3440 saeculo
1144 3381 1209 3438 stu·

190 3475 273 3534 dium
290 3478 323 3534 in
340 3479 443 3536 nostro
461 3476 579 3533 rhetore
598 3475 776 3532 collocatum
795 3472 955 3530 admodum
969 3472 1100 3548 uiguisse
1119 3472 1208 3545 puto:

189 3565 246 3624 hoo
259 3567 409 3624 testantur
423 3582 483 3622 non
497 3565 593 3624 solum
603 3562 741 3622 Laertius
755 3564 785 3620 ct
794 3561 966 3620 Athenaeus
980 3558 1067 3619 modo
1082 3557 1210 3632 laudati,
1318 3613 1319 3618 ,
