2666 3912
203 207 247 270 84
571 213 603 264 V.
623 213 711 263 ΠΕΡΙ
730 213 863 266 ΤΨΟΤΣ

248 375 285 442 (2)
306 367 369 427 ὧδέ
387 393 455 435 πως
479 373 548 442 ἔχει
570 372 629 426 καὶ
651 371 692 425 τά
710 369 912 440 Ἡροδότεια
936 373 977 442 (VI
998 376 1043 441 75)
1066 371 1100 426 *ὁ
1120 377 1224 428 Κλεο-

248 459 366 531 μένης’
396 459 484 530 Ιφησί
518 462 652 529 (μανεὶς
683 461 742 523 τάς
774 461 897 516 ἑαυτοῦ
926 459 1055 530 σάρκας
1082 460 1222 534 ξιφιδίῳ

248 548 430 620 κατέτεμεν
455 551 503 612 είς
525 549 641 616 λεπτά,
673 548 733 613 έως
757 547 834 604 ὅλον
858 551 1122 622 καταχορδεύων
1146 550 1223 606 έαυ-

248 639 306 693 τὸν
333 637 564 708 διέφθειρεν’,
590 640 648 693 καὶ
673 642 806 710 (111181)
835 638 865 692 ’ό
892 639 1014 708 Πύθης
1040 638 1100 702 ἕως
1124 645 1223 696 τοῦδε

249 728 304 782 ἐπλ
326 734 383 797 τῆς
406 729 489 792 νεὼς
512 728 667 797 ἐμάχετο,
695 726 755 789 ἕως
778 727 866 789 ἅπας
890 727 1221 798 κατεκρεουργήθη’.
1314 737 1322 782 ι’

247 825 355 871 ταῦτα
381 817 442 888 γάρ
470 818 552 888 ἐγγύς
574 817 712 884 παραξύει
734 816 784 870 τὸν
810 816 937 884 ἰδιώτην,
966 813 1026 870 ἀλλ’
1051 817 1103 870 ούκ
1129 817 1223 872 ίδιω-
1321 849 1322 854 =

252 905 600 988 τεύειτῶσημαντικῶς.
640 906 689 996 (l)
713 909 800 994 περὶ
825 909 862 972 δὲ
880 911 1060 992 πλήθους
1078 910 1141 973 καλ
1160 932 1223 990 με·
1321 959 1322 964 ,

247 1027 434 1101 ταφορῶν
462 1017 479 1081 ὁ
507 1017 569 1100 μὲν
592 1019 777 1092 Κεκίλιος
805 1013 892 1080 ἔοικε
918 1018 1223 1098 συγκατατίθεσθαι
1321 1085 1322 1094 ,

247 1133 331 1198 τοῖς
350 1123 421 1187 δύο
441 1123 461 1207 ἢ
479 1126 521 1188 τὸ
539 1128 729 1188 πλεῖστον
752 1133 858 1206 τρεῖς
878 1119 941 1186 ἐπὶ
961 1121 1104 1187 ταύτοῦ
1123 1146 1222 1206 νομο-

248 1235 387 1294 θετοῦσι
415 1231 640 1294 τάττεσθαι·
674 1230 691 1295 ὁ
721 1231 783 1315 γάρ
811 1228 1034 1312 Δημοσθένης
1062 1229 1140 1312 ὅρος
1167 1227 1221 1294 καὶ
1321 1249 1322 1316 3

183 1379 187 1390 ·
247 1347 316 1400 τῶν
347 1337 524 1420 τοιούτων,
558 1336 575 1401 ὁ
607 1347 665 1420 τῆς
694 1339 805 1420 χρείας
835 1333 871 1400 δὲ
901 1333 1037 1422 καιΙρός·
1070 1333 1157 1400 ἔνθα
1183 1337 1223 1400 τά
1321 1317 1322 1324 ¹

248 1443 340 1525 πάθη
365 1443 545 1529 χειμάρρου
569 1445 667 1527 δίκην
691 1441 873 1526 ἐλαύνεται,
896 1444 951 1507 καλ
975 1444 1037 1526 τὴν
1053 1446 1222 1526 πολυκλή-

249 1554 348 1613 θειαν
376 1551 487 1615 αὐτῶν
514 1551 558 1627 ὡς
586 1549 770 1633 ἀναγκαίαν
797 1548 946 1614 ἐνταῦθα
977 1549 1222 1634 συνεφέλκεται.
1321 1627 1322 1650 ρ

203 1654 240 1722 (2)
262 1652 474 1721 “άνθρωτιοι’
503 1651 585 1724 φησί
605 1654 692 1723 (Dem.
712 1662 790 1707 XVIII
809 1657 870 1722 296)
892 1653 1026 1723 “μιαρολ
1045 1653 1102 1707 καλ
1121 1651 1222 1708 κόλα-
1315 1699 1318 1706 .

163 1752 188 1792 15
203 1762 270 1808 κες,
297 1740 616 1811 ἠκρωτηριασμένοι
641 1742 700 1805 τάς
723 1741 853 1796 έαυτῶν
878 1739 1015 1798 έκάστοι
1037 1739 1222 1810 πατρίδας,
1321 1743 1322 1762 ³

204 1831 265 1899 τὴν
302 1829 506 1899 ἐλευθερίαν
547 1829 813 1898 προπεπωκότες
848 1830 1016 1900 πρότερον
1055 1829 1222 1904 Φιλίππῳ,

204 1921 281 1974 νυνὶ
310 1919 345 1974 δὲ
373 1916 589 1991 Ἀλεξάνδρῳ,
621 1927 659 1990 τῇ
687 1921 807 1988 γαστρὶ
834 1929 1038 1989 μετροῦντες
1065 1920 1123 1973 καὶ
1149 1928 1222 1982 τοῖς

204 2006 397 2079 αἰσχίστοις
414 2009 474 2077 τὴν
494 2006 734 2077 εὐδαιμονίαν,
758 2008 818 2077 τὴν
838 2006 866 2063 δ’
889 2005 1092 2076 ἐλευθερίαν
1110 2010 1168 2062 καλ
1184 2008 1222 2062 τὸ

204 2095 334 2166 μηδένα
367 2097 458 2167 έχειν
491 2094 673 2166 δεσπότην,
710 2096 729 2151 ἃ
761 2108 834 2161 τοῖς
864 2095 1033 2167 πρότερον
1065 2095 1222 2167 Ἓλλησιν

165 2197 191 2236 20
207 2183 280 2252 ὅροι
299 2195 363 2240 τῶν
387 2187 528 2255 άγαθῶν
552 2178 638 2254 ἦσαν
662 2187 719 2240 καλ
742 2185 898 2254 κανόνες,
922 2183 1221 2255 άνατετροφότες’.

204 2275 358 2328 ἐνταῦθα
381 2280 424 2348 τῷ
446 2275 572 2342 πλήθει
594 2285 659 2330 τῶν
682 2285 853 2342 τροπικῶν
876 2275 891 2330 ό
911 2275 983 2330 κατά
1000 2284 1057 2330 τῶν
1075 2280 1223 2344 προδοτῶν
1319 2253 1322 2300 ,¹

204 2364 374 2432 ἐπιπροσθεῖ
389 2371 438 2418 τοῦ
458 2360 575 2432 ῥήτορος
593 2363 693 2432 θυμός.
723 2369 760 2434 (3)
779 2362 877 2431 διόπερ
897 2362 911 2418 ό
931 2365 981 2434 μὲν
995 2361 1223 2434 Ἀριστοτέλης
1321 2351 1322 2406 f

203 2452 246 2523 (fr.
268 2457 318 2506 131
338 2453 424 2521 Rose;
453 2452 488 2506 cf.
512 2453 583 2507 rhet.
607 2462 641 2508 III
666 2459 680 2507 7
704 2471 732 2522 p.
753 2453 836 2506 1408¹³
857 2455 919 2523 les)
943 2454 1001 2506 καλ
1025 2452 1039 2506 ό
1065 2450 1223 2522 Θεόφρα-
1321 2489 1322 2496 1

204 2559 280 2604 στος
303 2540 506 2611 μειλίγματά
529 2541 613 2612 φασί
631 2563 709 2596 τινα
727 2551 790 2596 τῶν
809 2545 984 2609 θρασειῶν
1004 2537 1096 2598 εἶναι
1114 2549 1222 2595 ταῦτα
1321 2557 1322 2560 ’

163 2642 189 2681 25
204 2639 418 2699 μεταφορῶν,
445 2631 481 2686 τὸ
506 2629 682 2700 “ὡσπερεί’
708 2630 817 2700 φάναι
842 2631 900 2685 καλ
924 2629 1065 2686 τοἱονεί’
1093 2631 1149 2684 καλ
1176 2630 1223 2685 ἐί

203 2719 263 2791 χρὴ
286 2729 408 2774 τοῦτον
432 2721 544 2776 εἰπεῖν
566 2721 624 2776 τὸν
649 2717 792 2787 τρόπον’
820 2720 878 2773 καὶ
904 2720 950 2774 (εἰ
974 2722 1028 2774 δεῖ
1049 2738 1222 2785 παρακιν-

204 2810 496 2876 δυνευτικίοτερον
515 2808 638 2874 λέξαι’·
663 2809 762 2878 ἡγὰρ
781 2805 998 2878 ύποτίμησις,
1023 2805 1142 2878 φασίν,
1168 2808 1222 2862 ἰῶ·
1321 2805 1322 2884 J

203 2916 259 2950 ται
277 2895 316 2950 τά
334 2897 496 2967 τολμηρά·
530 2902 568 2967 (4)
588 2898 641 2968 ἐγὼ
661 2897 692 2952 δὲ
711 2898 760 2951 καλ
777 2897 930 2965 ταῦταμὲν
945 2896 1129 2969 ἀποδέχομαι,
1149 2895 1224 2967 ὅμως

249 2985 280 3040 δὲ
303 2985 458 3053 πλήθους
481 2987 539 3040 καὶ
565 2985 688 3056 τόλμης
715 2995 930 3055 μεταφορῶν,
959 2983 1027 3054 ὅπερ
1054 2986 1126 3055 έφην
1151 2988 1223 3041 κάπὶ
1321 3017 1322 3056 ;

163 3087 189 3126 ιο
247 3082 303 3128 τῶν
318 3074 474 3146 σχημάτων,
492 3074 527 3128 τά
545 3075 663 3143 εύκαιρα
681 3076 730 3129 καὶ
745 3075 855 3144 σφοδρά
869 3075 951 3144 πάθη
970 3075 1019 3128 καλ
1037 3075 1068 3129 τὸ
1088 3084 1223 3144 γενναῖον
1321 3099 1322 3110 ’

276 3204 381 3252 22-28
401 3198 540 3253 referendi
559 3202 626 3262 sunt
644 3201 680 3253 ad
699 3199 732 3253 fr.
752 3205 786 3252 47
806 3199 852 3270 (cf.
871 3199 993 3253 Vahleni
1013 3199 1076 3253 adn.
1095 3200 1164 3254 adl.
1179 3204 1222 3270 α).
1321 3201 1322 3218 ’

278 3383 291 3428 7
311 3380 376 3445 post
394 3379 442 3432 καῖ
460 3377 592 3432 lacunam
611 3395 667 3432 non
682 3394 742 3432 esse
756 3378 906 3431 Rothstein
919 3377 937 3430 l.
954 3395 974 3430 ε.
989 3395 1016 3446 p.
1032 3382 1069 3430 5³
1088 3377 1222 3432 ostendit.
1321 3405 1322 3412 ι

150 3503 157 3518 ‚
205 3453 220 3500 9
235 3457 294 3508 τοῖς
306 3448 494 3516 Βοοοεῖεῖῖιιε,
509 3451 574 3513 τοὺς
587 3450 665 3504 liber.
731 3455 765 3502 22
780 3449 949 3517 ἐπιπροσθεῖ
961 3449 1148 3517 Βοοοιῖελλοε,
1163 3448 1224 3503 ἐπί-

205 3524 313 3586 προσθε
331 3518 411 3574 liber.
494 3527 527 3574 24
546 3525 689 3588 θρασειῶν
707 3521 805 3586 Faber,
825 3519 956 3587 θρασέων
974 3519 1054 3574 liber.
1137 3527 1171 3574 θῶ
1189 3521 1223 3575 τὸ
1321 3537 1322 3564 I

206 3589 336 3660 Spengel,
355 3589 390 3644 τὰ
408 3591 488 3646 liber.
562 3599 595 3645 29
614 3594 686 3647 κάπὶ
702 3593 844 3657 Femina,
863 3592 983 3646 κάτειτα
1000 3590 1080 3645 liber.
