2666 3910
536 222 753 276 succumvu
1061 221 1152 274 XXXI

135 391 280 465 placitum
308 389 410 468 magni
437 390 528 465 pretii
551 394 581 448 et
603 391 718 465 primae
741 392 829 451 uotae
856 391 996 450 senem
1018 388 1152 464 siquod

135 480 199 540 siue
223 479 312 538 dubio
335 499 371 540 ex
393 482 495 540 uetere
517 481 548 539 01
571 481 691 556 egregio
716 480 800 538 fonte
822 479 921 552 fluxit,
948 478 1151 554 fragmentum

137 569 239 642 1180,
264 569 344 642 quod
372 588 406 627 ex
430 567 560 630 Caecilio
588 569 730 628 haustum
756 587 819 628 esse
843 586 988 628 consensu
1010 567 1150 627 Hermiae

134 659 166 716 et
194 656 465 733 Pseudoplutarchi
495 658 654 732 probatur,
684 657 812 732 denique
844 657 1046 734 fragmentum
1077 658 1150 731 152,

13 757 20 770 ⁴
134 765 226 806 unum
243 765 278 804 er
296 747 518 822 pretiosissimis
534 748 719 824 fragmentis,
735 765 810 821 quae
825 749 945 806 omnino
965 746 1003 806 ad
1016 764 1150 821 100001-

133 837 288 896 uenerunt.
321 836 366 896 De
384 855 444 912 quo
462 837 606 894 nonnulla
620 836 717 896 dicere
736 835 812 894 milri
832 836 930 894 liceat.
962 834 1150 894 immischius

134 923 166 984 in
196 927 454 1003 argumentatione
485 926 684 1002 proficiscitur
713 945 748 983 ex
778 925 917 1000 Dionysii
944 924 1150 984 Halicarnasei

134 1013 245 1075 iudicio
269 1015 305 1074 de
323 1015 459 1074 Platonis
483 1015 658 1089 elocutione,
681 1014 762 1089 qnod
784 1016 938 1074 inuenitur
959 1016 992 1073 in
1010 1013 1150 1090 Dionysii

134 1102 171 1162 ad
196 1101 249 1162 (ln.
271 1103 449 1179 Pompeium
478 1105 610 1178 epistula
636 1095 978 1184 (1-s=0puse.111
1002 1123 1031 1178 p.
1049 1105 1149 1163 221-—

134 1184 387 1274 desvescit.)
415 1197 445 1251 01
476 1194 508 1252 in
537 1193 614 1254 libro
639 1193 678 1251 de
707 1193 882 1253 admiranda
913 1193 946 1252 ui
972 1191 1091 1251 dicendi
1117 1195 1150 1252 in

133 1280 331 1342 Demosthene
353 1283 498 1357 inscripto
522 1273 614 1362 (5-7
634 1303 663 1357 p.
680 1283 845 1342 136—142
865 1281 916 1340 Vs.
936 1273 1042 1362 0111).
1078 1281 1149 1340 Dio-

132 1371 236 1446 nysius
259 1390 442 1447 quamquam
468 1373 501 1430 in
528 1372 703 1431 uniuersum
725 1371 881 1432 Platonem
903 1371 1021 1445 laudat,
1048 1373 1149 1430 tamen

132 1477 245 1520 uanum
266 1463 422 1534 tumorem,
445 1460 604 1520 uerborum
627 1461 840 1520 translatorum
859 1460 992 1534 abusum,
1016 1460 1148 1520 sublimi-

131 1551 226 1608 tatem
257 1549 356 1608 uerbis
388 1551 501 1610 ornatis
536 1553 567 1608 et
598 1551 630 1608 in
667 1553 823 1625 poetarum
854 1570 967 1610 morem
998 1553 1148 1610 conuersis

131 1641 284 1714 captatam
312 1631 371 1718 (id,
395 1639 474 1714 qnod
496 1657 551 1698 nos
575 1637 716 1698 Germani
743 1641 798 1698 das
825 1640 1149 1713 insolentissimum·

130 1729 242 1788 seuche
273 1722 443 1808 uouemus),
479 1728 507 1786 ei
538 1729 677 1802 imputat.
725 1727 788 1788 Hoc
820 1729 965 1788 iudicium
1000 1730 1148 1804 imprimis

130 1815 267 1878 Phaedro
290 1817 410 1896 dialogo
433 1819 549 1893 nititur,
577 1817 630 1876 ubi
652 1818 704 1878 ille
729 1818 923 1894 philosophus
947 1817 1055 1893 Lysiae
1080 1838 1147 1877 ora·

18 1981 21 1986 ,
130 1907 257 1980 donem,
287 1925 364 1981 quse
392 1907 567 1968 inscribitur
595 1900 768 1987 Ἐρωτικός,
799 1909 908 1967 aeriter
936 1907 1089 1983 essuperet
1119 1911 1149 1967 01

131 2013 218 2054 snum
246 1995 363 2055 dicendi
391 2013 484 2072 genus
513 2015 581 2054 oum
610 1998 668 2056 isto
699 1999 817 2056 oratore
845 1998 999 2072 comparat
1026 1999 1056 2056 et
1083 1999 1148 2072 ipsa

131 2103 249 2159 quoque
273 2084 348 2144 duos
377 2083 534 2164 ἐρωτικοὺς
561 2089 716 2164 tamquam
743 2083 931 2166 ἀγωνίσματα
963 2105 1017 2160 per
1048 2105 1147 2145 aemu-

129 2172 274 2234 lationem
296 2176 456 2249 componit.
498 2174 660 2251 Dionysius
683 2179 782 2236 autem
807 2175 915 2234 diserte
938 2175 1012 2236 dicit
1034 2193 1064 2234 sa
1088 2195 1147 2234 non

130 2263 225 2322 solum
258 2281 353 2339 neque
385 2265 516 2338 primum
548 2282 623 2339 esse,
656 2267 708 2339 qui
741 2265 856 2340 aliquid
883 2265 918 2324 de
946 2263 1073 2324 Platone
1100 2267 1147 2324 in-

129 2369 246 2429 gressus
281 2353 322 2411 sit
358 2352 472 2427 111001ος
508 2355 599 2412 immo
635 2354 746 2414 multos
781 2356 913 2413 inueniri
948 2357 978 2412 01
1012 2353 1147 2415 Platonis

130 2441 268 2516 aequales
304 2446 336 2500 01
371 2443 496 2517 posthac
532 2446 683 2518 auctores,
725 2445 778 2518 qui
813 2442 949 2502 Platonis
986 2443 1146 2504 (1101101010

129 2521 238 2590 acriter
274 2531 529 2606 reprehenderint3
565 2534 644 2592 inter
680 2533 733 2592 hos
765 2531 979 2592 obtrectatores
1011 2532 1146 2592 Platonis

128 2618 323 2680 Aristotelem
350 2624 381 2680 01
408 2620 623 2696 Peripateticos
650 2623 711 2680 iam
736 2622 835 2697 quarti
864 2622 976 2680 saeculi
1000 2624 1145 2682 nominat.

128 2707 242 2766 Deinde
266 2708 455 2770 Immischius
478 2729 513 2769 ex
541 2711 606 2770 looo
634 2712 737 2786 aliquo
764 2713 797 2770 in
825 2711 927 2770 libello
955 2708 1146 2792 1110111ψοος

128 2799 267 2872 exstanti,
289 2799 375 2858 nobis
393 2799 548 2859 notissimo
568 2791 610 2879 (p.
627 2803 707 2875 59,7
723 2799 760 2859 V.
775 2827 808 2846 =
828 2801 863 2858 fr.
882 2791 969 2882 150),
993 2801 1146 2859 exordium

128 2888 223 2961 capit,
250 2887 315 2961 ubi,
343 2887 416 2962 quid
440 2886 587 2946 Caecilius
614 2887 651 2950 de
678 2888 803 2949 Platone
832 2888 970 2962 senserit,
998 2890 1144 2948 audimus.

128 2973 189 3035 Suo
215 2977 280 3036 iure
307 2977 359 3036 ille
387 2979 435 3036 uir
462 2978 567 3038 doctus
595 2998 649 3055 pro
676 2982 758 3040 certo
786 2978 917 3038 affirmat
947 2998 982 3036 ex
1012 2997 1145 3038 sermone

127 3065 222 3124 totius
235 3065 323 3127 huius
341 3067 400 3126 loci
414 3086 558 3143 apparere
578 3070 669 3130 etiam
686 3068 834 3129 Calactini
852 3068 996 3127 iudicium
1010 3067 1144 3126 Phaedro

128 3153 247 3234 dialogo
275 3156 333 3216 niti
361 3160 392 3215 et
417 3157 496 3216 hunc
522 3157 673 3218 rhetorem
697 3150 858 3237 Ἐρωτικὸν
881 3156 990 3233 Lysiae
1019 3160 1049 3216 et
1070 3157 1145 3217 duos

127 3240 284 3320 decrescis
312 3244 446 3305 Platonis
473 3247 552 3304 inter
579 3265 610 3308 se
637 3248 866 3324 compescuisse.
913 3246 1046 3322 Cumque
1074 3266 1144 3306 ano·

127 3351 217 3408 nymo
247 3333 300 3393 illo
330 3339 450 3394 auctore
483 3333 607 3396 Caecilii
636 3338 781 3397 iudicium
810 3337 932 3396 modum
962 3337 1085 3395 excedat
1115 3339 1145 3393 et

126 3423 216 3481 nimis
232 3424 369 3498 iniquum
384 3428 475 3499 atque
494 3425 643 3484 infensum
658 3428 809 3503 prolatum
824 3429 871 3501 sit,
892 3429 1000 3485 scimus
1016 3425 1144 3485 Calacti-

126 3530 198 3569 nmn
212 3509 347 3572 Platonis
366 3513 626 3574 uehementissime
646 3516 713 3575 odio
733 3519 833 3576 actum
857 3517 920 3574 sine
939 3515 1142 3574 moderatione

125 3601 158 3658 in
181 3597 338 3659 Platonem
365 3603 542 3678 grauissima
570 3608 661 3680 atque
685 3605 872 3664 acerbissime
895 3606 1047 3664 inuectum
1071 3621 1143 3678 esse,
