2666 3912
197 232 259 295 142
332 237 393 287 XII.
412 237 566 286 ΕΚΛΟΓΗ
584 234 734 295 ΛΕΞΕΩΝ
753 237 848 288 ΚΑΤΑ
867 231 1066 286 ΣΤΟΙΧΕΙΟΝ

190 395 229 446 ώς
253 395 287 449 ού
311 395 432 449 δεόντως
455 397 621 463 πραθέντος,
648 399 664 451 6
687 399 738 450 τὸν
762 395 874 462 οἰκέτην
897 397 1068 462 διακατέχων
1092 395 1210 462 παραγί·

189 499 267 536 νεται
290 485 334 538 έπί
356 486 408 537 τὸν
430 487 593 552 πεπρακότα
617 489 662 539 καὶ
685 487 832 550 ἀναγκάζει
855 487 942 538 αὐτὸν
966 485 1136 538 ςυνίςταεθαι
1154 486 1210 549 τὴν

190 573 269 639 δίκην
293 574 363 639 πρὸς
385 576 452 627 τοὺς
475 576 725 641 ἀμφιςβητοθντας.
764 578 807 628 καλ
834 580 920 628 τούτο
946 577 1067 628 καλεῖται
1093 574 1209 637 ἀνάγειν

190 661 228 715 εἰς
246 662 364 728 πράτην.

163 797 176 837 5
262 785 360 838 Svnus
380 803 400 838 s.
420 803 447 840 u.
467 789 620 852 ἀνάγνωςις
638 787 684 855 (cf.
704 786 757 840 lex.
777 787 803 840 S.
823 788 913 855 quinh.
932 805 960 855 p.
975 793 1036 852 215,
1052 791 1085 840 27
1105 789 1134 840 ού
1152 785 1208 839 lex.

191 873 216 927 S.
232 877 324 942 quart.
338 893 366 943 p.
383 879 443 941 193,
459 879 515 944 32);
538 919 565 930 ..
587 879 832 942 ἀναγινώςκειν
851 879 926 943 παρὰ
945 878 1072 944 ῥήτορςιν
1092 877 1136 930 ἐπὶ
1154 881 1208 929 τού

191 964 362 1018 ἀναπείθειν·
384 967 438 1019 ἔςτι
457 967 510 1032 γάρ
530 968 726 1031 ἀναγινώςκειν
745 968 778 1020 τὸ
797 972 901 1030 γνῶναι
920 967 1105 1032 διαλεχθέντα,

261 1087 326 1141 Lux.
342 1107 363 1142 s.
379 1107 467 1148 οτικτ.
482 1108 509 1159 p.
525 1095 585 1157 214,
601 1096 630 1144 9:
655 1093 815 1157 ἀναγωγὴ
836 1090 985 1144 οἰκέτου
1008 1091 1086 1156 δίκης
1106 1092 1207 1156 ὄνομα.

190 1180 322 1244 ἀναγωγὴ
345 1180 399 1245 γάρ
419 1180 473 1232 ἐςτι
490 1180 524 1232 τὸ
542 1181 593 1233 τὸν
611 1184 762 1234 πωλοῦντα
781 1179 892 1246 οἰκέτην
911 1181 1019 1246 νόςημα
1038 1181 1139 1245 έχοντα
1158 1181 1203 1232 καὶ

150 1278 175 1318 10
190 1269 227 1333 μὴ
251 1269 421 1333 προειπόντα
443 1273 484 1336 τῷ
509 1270 674 1338 ὠνουμένιρ,
699 1270 823 1336 έφεῑςθαι
845 1275 886 1338 τῷ
911 1269 1081 1336 ὠνηςαμένιμ
1105 1268 1208 1334 διακρί-

189 1360 282 1409 νεςθαι
300 1357 370 1422 πρὸς
388 1357 438 1410 τὸν
457 1358 626 1424 πεπρακότα,
646 1359 885 1425 ἀπογραψάμενον
903 1358 974 1424 πρὸς
987 1359 1054 1410 τοὺς
1069 1359 1207 1424 ἄρχοντα(

189 1447 242 1510 τήν
266 1444 367 1511 αἰτίαν,
392 1445 427 1499 δι’
449 1446 485 1511 ἣν
509 1447 624 1511 ἐγκαλεῖ.
662 1450 706 1500 καί
729 1449 762 1500 τὸ
786 1449 878 1500 οὕτως
896 1447 1073 1513 ἀπογράφειν
1092 1446 1207 1510 ἀνάγειν

190 1537 312 1586 καλεῖται
331 1537 376 1587 καὶ
393 1537 411 1600 ἡ
431 1535 584 1602 ἀπογραφὴ
604 1537 745 1602 ἀναγωγή.

261 1657 326 1710 Lm.
347 1676 367 1710 s.
388 1676 476 1717 ονπιτ,
495 1677 523 1727 p.
543 1663 608 1725 216,
628 1665 675 1714 20:
702 1661 862 1714 ἀνάδικα(
888 1659 976 1726 δίκη·
1003 1660 1080 1726 δίκης
1106 1661 1206 1724 ὄνομα.

150 1758 175 1798 15
190 1749 258 1800 ὅταν
281 1749 410 1811 γνώςεως
433 1751 568 1802 δικαςτιῑιν
590 1751 742 1816 γενομένης
765 1748 827 1816 περί
849 1765 925 1802 τινος
945 1750 1107 1815 πράγματος
1126 1749 1206 1800 αὖθις

190 1838 205 1889 6
231 1838 360 1903 ἡττηθεὶς
385 1835 423 1890 εἰς
448 1838 621 1904 δικαςτήριον
648 1840 761 1904 ἔρχηται
786 1841 848 1904 περί
873 1843 931 1892 τῶν
958 1839 1052 1891 αὐτῶν
1081 1837 1207 1903 κριθηςδ-

190 1941 285 1993 μενος,
311 1929 328 1992 ἢ
356 1928 400 1978 καὶ
426 1927 519 1992 έτεροε
543 1927 644 1995 ἐγκαλῇ
668 1930 730 1994 περὶ
754 1928 794 1980 ὧν
817 1928 955 1994 πρότερον
979 1928 1090 1990 ἐγένετο
1114 1925 1206 1992 κρίςις,

189 2019 275 2067 τοῦτο
295 2015 355 2081 δίκη
376 2015 508 2068 άνάδικος
526 2019 655 2069 καλεῖται.

262 2137 372 2192 Svas:
393 2140 569 2192 ἀνάκαιον·
588 2139 621 2193 τὸ
640 2140 837 2208 δεςμωτήριον,
858 2139 896 2193 εἰς
915 2141 930 2193 δ
947 2141 1124 2194 κατετίθεντο
1137 2141 1207 2193 τοὺς

150 2239 176 2278 κο
189 2230 331 2294 πονηρούς
359 2229 477 2281 δούλους
505 2232 550 2281 καί
576 2233 635 2281 τῶν
668 2229 863 2295 ἀπελευθέρων
894 2231 961 2283 τοὺς
993 2230 1204 2295 ἀφιςταμένους.

190 2316 281 2370 Ἰςαῑος
304 2317 393 2384 ἐντῷ
412 2318 490 2383 Πρὸς
508 2317 637 2383 Ἕρμωνα
653 2322 716 2384 περὶ
731 2319 834 2385 ἐγγύης
853 2317 896 2386 (fr.
913 2317 1072 2385 11Τ1ω11ι.)
1100 2318 1206 2383 “eppo-

189 2407 295 2472 κράτην
319 2407 349 2459 δέ
373 2405 411 2459 εἰς
433 2408 467 2460 τὸ
491 2407 624 2460 ἀνάκαιον
648 2407 759 2473 ἐνέβαλε
783 2408 898 2475 φάςκων
922 2409 1107 2473 ἀπελεύθερον
1127 2408 1206 2473 εἶναι,

190 2497 234 2548 καὶ
253 2496 287 2548 ού
306 2495 443 2562 πρότερον
463 2496 563 2562 ἀφῆκε,
583 2498 647 2562 πρὶν
665 2497 814 2562 τριάκοντα
833 2497 956 2562 δραχμάς
975 2495 1133 2562 έπράξατο’.

261 2618 359 2672 Svms
379 2635 399 2672 s.
418 2636 446 2672 u.
466 2619 611 2686 ἀνάπηρον
630 2621 725 2686 ψυχήν
749 2619 794 2688 (cf.
813 2619 867 2672 lex.
887 2619 913 2672 S.
933 2621 1024 2687 qum.
1043 2637 1070 2687 p.
1091 2623 1151 2686 183,
1172 2623 1206 2671 13

150 2721 175 2760 25
190 2709 218 2761 ού
236 2707 288 2761 lex.
309 2707 335 2761 S.
355 2708 445 2775 quint.
464 2725 491 2776 p.
512 2713 572 2775 216,
593 2710 649 2777 15):
677 2751 705 2762 ..
725 2709 912 2776 ἀνάπηρος·
938 2711 953 2762 6
977 2709 1080 2775 χωλός,
1104 2711 1120 2761 6
1145 2707 1208 2761 καθ’

189 2799 346 2864 ύπερβολὴν
368 2799 572 2865 πεπηρωμένος
592 2799 665 2863 μέλει
683 2801 736 2850 τινὶ
755 2803 806 2852 τοι)
826 2800 959 2864 ςώματος.
998 2797 1096 2851 Λυςίας
1115 2798 1145 2850 έν
1163 2803 1204 2865 τῷ

191 2887 259 2952 Περὶ
286 2891 337 2939 ποθ
366 2889 513 2952 διδομένου
542 2893 601 2940 τοῖς
624 2888 772 2940 ἀδυνάτοις
796 2888 898 2953 ὀβολοῦ
922 2888 1008 2955 (XXIV
1028 2888 1071 2956 13)
1101 2887 1157 2940 ‘mi
1179 2887 1207 2939 τί

189 2977 289 3028 κωλύει
312 2977 383 3040 ὑμᾶς
402 2977 453 3041 μέν
471 2978 637 3043 ὠφελεῑςθαι
654 2981 695 3044 τῷ
716 2976 807 3044 ὀβολῷ
827 2977 866 3028 ιύς
885 2977 970 3040 ὑγιεῖς
989 2977 1085 3043 ὄντας,
1110 2976 1205 3043 τούτῳ

188 3065 219 3116 δέ
238 3064 408 3130 ψηφιςαςθαι
427 3065 560 3119 έάςαντας
579 3066 618 3117 ὡς
636 3064 797 3133 ἀναπήρῳ;’

148 3200 174 3239 ³0
260 3185 358 3239 Svas
377 3186 423 3256 (of.
442 3187 495 3241 lex.
516 3187 542 3242 S.
557 3189 647 3255 quart.
662 3205 690 3256 p.
707 3193 768 3256 133,
782 3195 816 3242 22
836 3189 865 3241 ού
883 3188 1106 3258 PolluxV130):
1125 3189 1205 3242 ἀνα·

188 3281 318 3342 ρᾶςθαι·
345 3277 406 3330 ἀντὶ
430 3282 481 3330 τού
508 3279 629 3331 διαλύειν
654 3280 707 3343 τὴν
732 3279 886 3344 γενομένην
913 3279 991 3345 ἀράν.
1035 3279 1111 3331 οὕτω
1138 3279 1206 3331 Καλ-

187 3367 311 3432 λιςθένης
330 3364 373 3433 (fr.
388 3370 422 3418 49
437 3365 538 3434 Scripb.
553 3382 605 3420 rer.
620 3365 699 3419 Alex.
714 3365 812 3435 Magni
826 3383 854 3434 p.
870 3367 918 3420 32¹²
933 3365 1069 3436 Mueller).

260 3546 292 3593 22
312 3541 462 3664 ἀΙνάκοιιον]
490 3544 646 3613 ἀναγκαῖον
673 3559 706 3596 ex
728 3542 953 3612 Harpocratione
976 3543 1149 3597 Schoemann
1175 3545 1207 3595 ού

257 3627 309 3664 ’τοι
342 3628 407 3665 οιιοι.
1005 3636 1008 3642 ’
