2666 3912
194 225 258 289 130
370 229 445 280 v111.
465 227 737 278 ΣΤΓΓΡΔΜΜΑΤΑ
756 227 856 277 ΥΠΕΡ
873 228 1018 279 ΛΤΣῙΟΤ

233 389 439 474 χρησόμενος
470 387 631 473 ἀκρίτοις·
670 394 780 474 φιλῶν
812 389 875 473 γὰρ
907 390 967 454 τὸν
998 391 1130 455 Λυσίαν
1160 391 1206 467 ὡς

235 496 308 561 οὐδ’
343 496 443 571 αὐτὸς
475 495 593 576 αὑτόν,
632 495 719 575 ὅμως
750 499 878 577 μᾶλλον
908 508 999 577 μισεῖ
1027 503 1072 585 τῷ
1105 497 1205 562 παντὶ

235 602 400 667 Πλάτωνα
427 602 447 686 ἢ
476 605 607 666 Λυσίαν
635 605 735 686 φιλεῖ.
780 603 868 686 πλὴν
900 598 1016 679 οὗτος
1047 603 1109 683 μὲν
1136 603 1204 669 ὑπὸ

235 711 441 792 φιλονεικίας
483 709 562 774 οὐδὲ
605 710 649 773 τδι
694 707 844 790 θέματα
890 709 1206 792 ὁμολογούμενα,

233 817 385 900 καθάπερ
416 813 521 904 ᾠήθη.
567 815 610 892 ὡς
642 817 705 900 γδιρ
736 814 1011 900 ἀναμάρτητον
1043 817 1106 881 καλ
1139 841 1205 881 κα-

234 923 363 1006 θαρὸν
403 923 472 987 τὸν
513 922 658 1008 ῥήτορα
699 921 861 1008 προφέρει
901 928 1077 1009 πολλαχῇ
1121 925 1206 1007 διη-

234 1028 484 1113 μαρτημένου
507 1039 576 1094 τοῦ
600 1030 825 1105 Πλάτωνος·
858 1031 894 1094 τὸ
919 1027 948 1094 δ’
976 1025 1017 1112 ἦν
1041 1031 1105 1114 όλρα
1128 1029 1205 1115 ούχλ

234 1145 399 1219 τοιοῦτον,
423 1133 502 1200 οὐδὲ
526 1135 642 1220 ὀλίγον
666 1138 725 1201 δεῖ.

307 1241 343 1308 (1)
370 1238 437 1308 φέρε
456 1239 505 1309 δή,
529 1239 655 1310 λάβωμεν
673 1244 709 1312 τρῖ·
731 1238 792 1294 ὄντι
809 1236 942 1307 καθαρόν
960 1260 1023 1294 τινα
1043 1239 1206 1310 συγγραφέα

235 1330 284 1382 καλ
303 1328 479 1397 ἀνέγκλητον.
518 1324 566 1396 ἆρ’
587 1329 638 1383 ούκ
662 1325 743 1393 ἄξιόν
766 1330 822 1382 ἐστι
845 1331 1016 1398 διαπορῆσαι
1034 1330 1098 1397 περὶ
1117 1334 1207 1384 αὐτοῦ

233 1417 334 1472 τούτου
360 1421 533 1485 καθολικῶς,
558 1415 678 1485 πότερόν
702 1435 769 1471 ποτε
795 1426 952 1484 κρεῖττον
979 1418 1013 1472 ἐν
1037 1419 1208 1488 ποιήμασι

234 1507 292 1561 καλ
311 1505 425 1575 λόγοις
448 1505 567 1576 μέγεθος
586 1508 617 1560 έν
634 1504 721 1568 ἐνίοις
738 1506 972 1575 διημαρτημένοις
990 1505 1007 1574 ἦ
1025 1503 1061 1561 τὸ
1082 1509 1207 1577 σύμμε-

233 1615 314 1663 τρον
338 1593 397 1665 μὲν
421 1597 456 1650 έν
473 1605 547 1658 τοῖς
565 1597 833 1664 κατορθώμασιν
853 1593 945 1663 ὑγιὲς
964 1595 999 1650 δὲ
1017 1595 1127 1664 πάντη
1147 1597 1208 1651 καλ

235 1683 467 1751 ἀδιάπτωτον;
491 1686 540 1738 καλ
564 1684 603 1739 ἔτι
626 1685 661 1752 νὴ
685 1681 754 1751 Δία,
778 1681 898 1752 πότερόν
921 1684 1045 1750 ποτεαλ
1067 1683 1207 1748 πλείους

235 1774 355 1841 ἀρεταὶ
377 1770 413 1828 τδ
436 1782 606 1841 πρωτεῖον
629 1775 664 1827 ἐν
688 1769 802 1842 λόγοις
821 1770 838 1840 ἢ
857 1772 887 1826 αἱ
906 1771 1015 1842 μείζους
1033 1772 1150 1837 δικαίως
1168 1772 1208 1829 δν

236 1862 411 1931 φέροιντο;
435 1860 562 1930 ἔστιγὰρ
581 1859 660 1915 ταῦτ’
683 1861 774 1915 οἰκεῖα
791 1870 851 1924 τοῖς
868 1861 932 1929 περὶ
951 1861 1042 1931 ὕψους
1062 1862 1206 1932 σκέμματα

235 1953 284 2006 καλ
310 1949 471 2018 ἐπικρίσεως
497 1951 524 2015 ἐξ
550 1949 676 2012 ἅπαντας
701 1948 828 2018 δεόμενα.
867 1953 903 2020 (2)
922 1951 975 2020 ἐγὼ
1002 1947 1031 2004 δ’
1057 1947 1123 2006 οἶδα
1145 1951 1207 2022 μέν,

236 2040 273 2102 ὡς
296 2040 331 2093 αλ
354 2039 604 2109 ὑπερμεγέθεις
626 2038 745 2107 φύσεις
767 2036 889 2106 ἥκιστα
907 2038 1074 2107 καθαραί·
1099 2037 1208 2111 τὸγὰρ

236 2130 267 2184 έν
284 2128 370 2182 παντὶ
389 2126 502 2199 ἀκριβὲς
520 2126 653 2188 κίνδυνος
671 2124 847 2196 μικρότητος,
874 2127 905 2182 έν
924 2127 955 2183 δὲ
972 2138 1032 2191 τοῖς
1049 2128 1207 2199 μεγέθεσιν,

235 2215 326 2284 ὥσπερ
345 2217 453 2278 ἐντοῖς
471 2215 545 2286 ἄγαν
563 2215 706 2283 πλούτοις,
724 2211 799 2270 εἶναι’
815 2237 844 2270 τι
860 2216 912 2286 χρὴ
931 2218 979 2271 καὶ
997 2220 1208 2289 παρολιγωρού·

236 2323 332 2374 μενον·
362 2304 466 2374 μήποτε
490 2303 522 2359 δὲ
544 2314 626 2359 τοῦτο
650 2305 699 2358 καλ
722 2306 880 2373 ἀναγκαῖον
904 2295 934 2378 ᾖ,
957 2303 989 2361 τδ
1010 2305 1061 2370 τὰς
1084 2307 1135 2376 μὲν
1156 2330 1208 2363 τα·

236 2393 336 2456 ποινὰς
363 2393 412 2447 καλ
439 2392 523 2462 μέσας
551 2393 648 2462 φύσεις
675 2392 724 2447 διὰ
750 2390 782 2448 τὸ
810 2396 923 2464 μηδαμῆ
950 2397 1209 2461 παρακινδυνεύειν

166 2524 171 2535 .
237 2483 305 2552 μηδὲ
325 2480 459 2550 ἐφίεσθαι
475 2491 531 2536 τῶν
550 2482 645 2550 ἄκρων
664 2482 885 2552 ἀναμαρΙτητους
903 2484 941 2546 ὡς
959 2484 1005 2538 έπλ
1022 2481 1054 2539 τδ
1072 2483 1143 2540 πολύ
1157 2489 1209 2541 καλ

237 2570 441 2642 ἀσφαλεστέρας
460 2571 612 2640 διαμένειν,
630 2571 665 2624 τδι
685 2570 715 2625 δὲ
734 2570 840 2640 μεγάλα
858 2572 996 2642 ἐπισφαλῆ
1016 2569 1056 2627 δι’
1076 2571 1145 2628 αὐτὸ
1164 2573 1209 2643 γλ·
1319 2553 1320 2596 ³

236 2665 338 2715 νεσθαι
355 2657 386 2714 τὸ
406 2659 532 2729 μέγεθος.
567 2662 602 2729 (3)
622 2659 691 2714 ἀλλὰ
710 2659 764 2729 μὴν
783 2660 849 2714 οὐδὲ
869 2661 959 2715 έκεῖνο
979 2662 1071 2730 ἀγνοῶ
1089 2659 1121 2717 τὸ
1141 2663 1207 2718 δεύ-

235 2770 324 2818 τερον,
344 2748 386 2803 ὅτι
405 2750 486 2818 φύσει
504 2749 598 2803 πάντα
616 2747 651 2802 τὰ
670 2749 836 2814 ἀνθρώπεια
860 2747 917 2803 ἀπὸ
940 2759 991 2804 τοῦ
1013 2748 1139 2819 χείρονος
1162 2753 1210 2806 ἀεὶ

237 2842 340 2907 μᾶλλον
359 2839 569 2906 ἐπιγινώσκεται
587 2839 636 2891 καλ
653 2846 709 2891 τῶν
726 2835 777 2905 μὲν
791 2836 995 2906 ἁμαρτημάτων
1010 2838 1207 2904 ἀντξύλειπτος

235 2927 253 2996 ἡ
268 2926 361 2995 μνήμη
375 2925 539 2994 παραμένει,
549 2935 614 2991 ,τῶν
627 2928 720 2980 καλῶν
735 2923 766 2979 δὲ
779 2925 883 2995 ταχέως
897 2927 1021 2994 ἀπορρεῖ.
1058 2929 1095 2995 (4)
1113 2947 1210 2996 παρα-

263 3074 297 3122 28
317 3099 351 3106 -
370 3086 396 3136 p.
418 3074 477 3136 131,
497 3074 512 3120 2
533 3067 566 3121 of.
586 3067 620 3121 fr.
640 3073 725 3121 150a.

192 3179 258 3186 -·-.

264 3243 410 3313 λθέματα
436 3243 593 3317 (τίθησιν)
621 3243 739 3309 Reiske,
772 3243 877 3311 ‚malim
905 3243 1016 3312 θέματα
1043 3245 1209 3320 <θέμενος>

192 3314 400 3385 ὁμολογούμενα
414 3333 450 3370 sc.
466 3315 656 3384 ἀπεθάρρησε*
676 3314 792 3369 Vahlen.
866 3321 882 3368 5
901 3316 965 3383 post
980 3313 1060 3385 ὠήθη
1075 3316 1208 3372 lacunam

191 3388 332 3441 indicauit
350 3386 479 3456 Spengel.
554 3392 587 3440 19
606 3383 739 3449 κίνδυνος
757 3383 921 3455 μικρότητος
940 3372 1057 3453 Vahlen,
1076 3387 1208 3445 κίνδυνοι

193 3456 373 3527 σμικρότητος
389 3458 469 3512 liber.
580 3463 612 3510 21
641 3466 722 3512 τοῦτο
750 3457 903 3524 Manutius,
929 3457 1031 3512 τούτου
1053 3458 1133 3513 liber.

191 3535 232 3654 12ιῖ
234 3540 280 3654 θτῐα
298 3528 491 3596 monellus,
515 3529 547 3583 τὸ
566 3528 645 3582 liber.
752 3534 785 3582 25
805 3530 895 3584 ἐκεῖνο
914 3528 1070 3597 Manutius,
1095 3529 1210 3588 ἐκείνου
