2666 3912
185 213 250 278 140
321 217 382 268 XII.
401 217 556 268 ΕΚΑΟΓΗ
574 216 725 273 aalma
742 216 837 266 ΚΑΤΑ
855 212 1056 267 ΣΓΟΙΧΕΙΟΝ

183 381 261 443 παῖς,
284 375 341 447 (τὰ
359 372 412 447 δέ>
434 381 493 431 τῶν
513 377 681 443 ἑωρακότων
701 376 892 441 αίςθανδμενοι
912 377 1142 444 μαρτυρούντων,
1166 375 1205 430 τά

185 466 216 517 δέ
235 464 305 533 ἀκοῇ
325 465 551 530 πυνθανόμενοι’.

256 587 353 642 Svmas
373 588 418 657 (ci.
438 588 490 642 lex.
511 588 537 642 S.
557 590 626 643 sexi.
645 608 672 658 p.
688 593 749 654 366,
765 591 821 658 10);
841 589 940 655 ἀκμή·
961 589 1070 656 ὀξύτης,
1091 591 1163 656 αὐτὴ
1183 591 1203 656 ἡ

185 680 257 745 ῥοπὴ
280 682 331 744 τῆς
352 684 405 733 τοθ
428 680 590 745 πράγματος
609 679 767 732 έπιτάςεως.
806 681 850 732 καί
868 681 886 744 ἡ
907 679 1021 744 δύναμις
1041 680 1085 731 καί
1103 680 1121 744 ι)
1140 678 1204 731 νεό-

157 780 242 834 οτης.
276 769 349 833 ἀκμή
369 768 400 821 δέ
418 773 515 834 καιροθ
534 770 552 834 ἡ
572 767 693 833 εὐτυχία,
727 769 819 820 οὕτως
838 766 990 834 Ἰςοκράτης
1010 769 1101 835 (1133)
1126 767 1204 834 ‘apti-

183 872 276 909 τιςτον
300 857 350 921 μέν
372 860 424 922 τῆς
447 859 536 922 ἀκμῆς
558 862 618 909 τῶν
641 861 745 923 καιρῶν
768 856 937 922 τυγχάνειν’.
975 857 1143 922 λαμβάνεται
1170 857 1202 910 δὲ

184 947 229 997 καί
248 947 309 999 ἀντί
327 950 379 998 τοθ
399 946 446 998 ἔτι.
474 947 566 998 οὕτως
585 945 732 1011 Ὑπερίδης
752 943 795 1013 (fr.
811 949 862 997 116
877 942 952 1012 Bl.').
991 948 1035 998 καί
1054 945 1204 1014 (οφοκλῆς

185 1031 267 1101 (Phil.
284 1035 400 1103 12—14)

399 1124 490 1188 ἀκμὴν
509 1124 562 1189 γὰρ
581 1123 615 1176 οὐ
636 1127 750 1190 μακρῶν
767 1125 833 1189 ἡμῖν
851 1124 953 1190 λόγων,

144 1224 169 1264 ιο
291 1214 328 1278 μὴ
348 1215 392 1265 καί
412 1213 485 1281 μάθῃ
506 1212 534 1278 μ’
552 1215 658 1278 ἥκοντα
677 1214 787 1278 κάκχέω
805 1214 839 1265 τὸ
857 1217 915 1266 πᾶν

292 1302 419 1368 ςὸφιςμα.

255 1422 321 1478 Lax.
341 1442 362 1477 ιι.
383 1442 477 1484 evm.
496 1442 523 1493 p.
546 1428 605 1491 184,
626 1430 654 1478 61
679 1427 845 1493 ἀλάςτιυρ·
874 1427 890 1479 6
915 1426 950 1480 τὰ
977 1427 1081 1492 μεγάλα
1109 1425 1205 1492 ἀδική-

185 1529 257 1579 ματα
276 1519 373 1567 ποιῶν.
405 1516 449 1568 καί
467 1515 654 1582 ἀλιτήριος·
674 1517 690 1569 δ
709 1517 799 1570 πολλὰ
817 1515 958 1582 ἠδικηκὼς
977 1518 1021 1568 καί
1041 1516 1203 1569 κολάζεςθαι

185 1603 271 1656 ἀξιος·
292 1604 428 1669 ἀλιτρδς
445 1605 499 1670 γὰρ
518 1605 534 1657 6
554 1605 695 1670 ἁμαρτών.

144 1741 169 1779 ιο
255 1724 366 1780 βνιαιιε
391 1727 530 1792 ἀλογίου
554 1729 641 1795 δίκηΙ
670 1729 706 1794 ἣν
730 1731 881 1795 φεύγουςιν
904 1729 931 1782 οἱ
954 1731 1087 1796 ἀρχοντες
1112 1728 1200 1792 λόγον

185 1816 218 1868 οὐ
238 1817 363 1869 διδόντες
381 1821 439 1869 τῶν
457 1821 509 1883 τῆς
528 1817 615 1884 ἀρχῆς
634 1819 830 1884 διοικημάτων.

257 1938 355 1992 Svmas
370 1939 415 2008 (ef.
429 1939 482 1993 lex.
499 1941 525 1994 S.
541 1942 631 2008 quart.
647 1959 673 2009 p.
687 1945 746 2006 183,
759 1947 774 1993 7
789 1943 818 1995 et
830 1940 884 1994 lex.
900 1940 926 1995 S.
942 1940 1031 2010 quint.
1046 1960 1074 2012 p.
1090 1947 1149 2008 216,
1161 1941 1204 2008 4).·'

185 2029 263 2093 ἅμα·
290 2031 394 2097 δοτικη.
431 2031 613 2096 Δημοςθένης
636 2032 741 2098 (1136)
764 2031 810 2084 ἐπὶ
835 2036 887 2084 τοθ
913 2032 1019 2085 εὐθέως
1044 2035 1089 2084 καὶ
1114 2047 1203 2098 παρα-

185 2121 277 2184 χρῆμα
305 2119 384 2172 ἔταξε
410 2136 425 2170 ι
453 2121 498 2172 καί
526 2119 556 2172 ἐν
583 2124 625 2187 τῶ
653 2119 740 2186 Ὑπέρ
767 2125 826 2173 τῶν
854 2121 984 2188 ῥητόρων
1011 2120 1087 2189 λόγῳ
1115 2119 1204 2173 εἰπών

144 2203 229 2273 16111.
250 2211 282 2258 12
307 2204 383 2276 Tur.)
417 2207 462 2260 ὀὐ
492 2208 545 2274 γὰρ
571 2209 587 2261 6
614 2208 734 2261 θάνατος
759 2214 817 2262 τοῖς
843 2209 875 2262 εὖ
902 2213 1053 2276 φρονοῦςιν
1079 2208 1202 2276 οἰκτρδς·

183 2300 269 2348 τοθτο
293 2296 346 2362 γὰρ
371 2296 427 2360 ἅμα
445 2301 486 2364 τῷ
505 2297 630 2361 γενέςθαι
648 2298 763 2350 πάντων
783 2297 989 2362 κατέγνωςται’.
1027 2297 1152 2364 Αίςχίνης
1171 2299 1203 2350 δέ

185 2384 229 2437 ἐπὶ
247 2389 299 2437 τοθ
318 2385 389 2438 κατὰ
407 2386 458 2438 τὸν
477 2385 564 2439 αὐτὸν
583 2386 679 2452 καιρὸν
699 2386 728 2438 έν
743 2391 784 2455 τῷ
800 2386 874 2440 Κατὰ
889 2387 1084 2453 Κτηςιφῶντος
1099 2387 1143 2451 (ΠΙ
1156 2386 1202 2452 62)

186 2473 236 2527 *ὡς
260 2475 381 2528 ἀπέδοτο
404 2475 554 2541 τριάκοντα
578 2479 657 2540 μνῶν
679 2475 736 2540 ἅμα
758 2475 812 2542 τήν
834 2492 866 2528 τε
890 2475 928 2529 είς
951 2476 1038 2528 αὑτὸν
1059 2477 1138 2541 ὕβριν
1157 2477 1202 2528 καί

184 2565 237 2628 τὴν
259 2568 311 2616 τοθ
335 2563 425 2630 δήμου
450 2562 715 2629 καταχειροτονίαν’.
754 2566 799 2617 καί
817 2565 999 2630 Δημοςθένης
1018 2565 1048 2617 έν
1065 2570 1107 2633 τῷ
1127 2565 1204 2618 Κατὰ

145 2665 171 2706 ae
184 2650 301 2705 Μειδίου
321 2653 387 2720 (xxl
406 2652 459 2719 64).
497 2654 542 2705 καί
566 2653 641 2718 παρὰ
666 2657 708 2720 τῷ
732 2651 899 2719 Ἀντιφῶντι
925 2654 955 2707 δέ
978 2654 1012 2705 τὸ
1036 2655 1093 2718 ἅμα
1116 2658 1202 2706 κεῖται

185 2740 230 2793 ἐπὶ
252 2740 286 2793 τὸ
310 2740 389 2794 αὐτό.
427 2743 494 2807 φηςί
516 2742 570 2808 γὰρ
593 2741 624 2795 ἐν
642 2741 805 2808 Προοιμίοις
824 2740 866 2809 (fr.
887 2745 920 2793 69
939 2739 1007 2810 Β1.’)
1034 2741 1104 2796 ’ἀλλ’
1122 2740 1146 2795 εί
1167 2742 1202 2794 τό

184 2843 216 2881 τε
240 2829 354 2895 πρᾶγμά
381 2846 426 2896 μοι
451 2835 577 2896 κρείττον
604 2830 732 2897 φαίνεται
760 2831 817 2896 ἅμα
844 2846 876 2884 τε
904 2831 1055 2897 μαρτυρίας
1083 2831 1203 2896 ἀκριβεῖς
1313 2897 1320 2910 .

184 2916 356 2983 παρέξομαι’.
389 2921 434 2971 καί
448 2919 524 2985 παρὰ
533 2919 705 2985 Δημοςθένει
720 2919 750 2971 έν
764 2924 805 2987 τῷ
820 2920 891 2985 Περί
905 2920 1044 2985 ςτεφάνου
1060 2918 1202 2987 (11111164)

187 3005 296 3058 ’πάςαις
315 3007 345 3059 δέ
364 3007 513 3073 λοιδορίαις
530 3010 576 3060 καί
595 3008 777 3075 βλαςφημίαις
796 3007 852 3073 ἅμα
869 3010 974 3062 τούτου
994 3008 1187 3075 κεχρημένου’.

258 3170 272 3217 1
296 3163 332 3218 τὰ
355 3163 386 3220 δὲ
410 3165 474 3218 add.
495 3165 678 3219 Schoemann.
773 3171 806 3220 11
830 3182 902 3235 quae
925 3169 990 3236 posi
1014 3163 1136 3235 σόφισμα
1159 3182 1202 3219 se-

186 3238 323 3304 quuntur,
346 3236 441 3300 omisi,
466 3254 529 3289 cum
553 3252 587 3290 ea
606 3235 727 3290 Caecilio
750 3254 806 3290 non
830 3237 927 3291 deberi
949 3253 1032 3306 posse
1055 3239 1201 3306 appareat.

187 3313 220 3360 19
248 3309 313 3375 posi
340 3307 418 3371 ἔταξε
446 3307 551 3362 excidii
579 3307 701 3375 aliquid,
730 3307 760 3360 ef
788 3308 869 3362 Blass
890 3309 909 3362 l.
929 3327 950 3362 a.
974 3314 1041 3363 1111
1065 3327 1092 3377 p.
1114 3313 1155 3376 61,
1175 3315 1200 3361 2.

186 3382 220 3430 26
240 3376 326 3432 αὑτὸν
345 3395 378 3431 ex
394 3377 534 3432 Aeschine
553 3377 674 3447 Sauppe,
694 3376 780 3434 αὐτὸν
799 3378 873 3434 libri.
947 3385 981 3434 26
999 3377 1030 3434 τὸ
1051 3377 1132 3452 αὐτό]
1151 3387 1202 3434 τοῦ

186 3449 273 3502 αὐτοῦ
292 3449 418 3502 Kuester.
492 3455 534 3503 26.
555 3455 586 3502 21
606 3449 638 3504 τό
657 3469 686 3503 τε
706 3449 836 3519 Spengel,
854 3448 916 3506 τότε
929 3450 1004 3505 libri.
1078 3457 1111 3504 27
1131 3471 1201 3519 μαρ-

185 3517 283 3586 τυρίας
301 3519 426 3589 Sauppe,
446 3518 585 3589 μαρτυρία
603 3519 678 3574 libri.
751 3522 876 3592 ἀκριβεῖς
893 3523 926 3576 Α.
943 3521 1082 3590 Schaefer,
1102 3523 1202 3592 ἀρετῆς

185 3588 260 3643 libri.
333 3596 367 3643 28
384 3590 541 3660 παρέξομαι
559 3573 732 3660 Bernhardy,
750 3591 892 3662 πράξομαι
909 3593 983 3647 11611.
