2666 3912
289 211 351 262 x11.
370 211 524 261 αιςλοιἮ
542 209 694 267 λυαυαν
711 211 807 262 τινα
825 211 1025 261 Στοικαιοιι
1100 207 1162 271 151

224 369 289 422 Lux.
310 388 331 423 ι.
351 386 446 429 ονωιτ.
464 386 492 437 p.
510 373 569 435 185,
584 376 613 423 2:
634 371 795 424 Βάταλος·
815 370 904 424 δειλὸς
923 372 968 422 καί
987 369 1167 433 ἐκλελυμένος

152 461 301 526 ἀνθρωπος
324 460 395 512 κατά
416 461 470 524 τὴν
493 459 631 526 διάνοιαν,
657 462 703 512 καί
728 460 794 512 άλον
819 459 852 510 τὸ
876 462 954 524 ςῶμα
978 458 1099 523 μαλακὸς
1123 460 1167 510 καί

152 547 262 615 αίςχράς
280 545 325 616 (cf.
345 546 424 600 Dem.
443 554 520 600 XVIII
539 549 609 612 180).

224 662 289 715 Lux.
310 682 332 715 s.
352 680 446 722 Qum.
465 680 493 731 p.
514 667 578 728 185,
599 668 626 715 7:
652 664 856 728 βωμολόχοι·
881 663 985 716 πάντες
1008 662 1034 716 οί
1058 664 1168 716 ἀνελευ-

153 755 243 819 θέρως
262 754 469 819 κολακεύοντες,
489 755 534 805 καί
552 752 579 805 οἱ
597 752 627 804 ἑν
646 758 705 805 τοῖς
720 755 822 817 βωμοῖς
835 756 1049 817 προςαιτοῦντες
1064 752 1094 804 ἐν
1108 757 1168 805 ταῖς
1196 764 1209 805 5

151 843 263 896 θυςίαις.

161 968 165 978 ·
224 956 322 1009 Svas
341 974 362 1010 s.
381 974 408 1009 u.
427 958 548 1024 γαμηλία
564 957 608 1024 (cf.
628 955 680 1009 lex.
697 955 723 1008 S.
739 955 828 1024 quint.
843 973 870 1023 p.
887 959 947 1019 238,
962 958 1019 1025 ³1):
1041 998 1047 1009 .
1064 997 1069 1010 .
1086 997 1091 1009 .
1111 972 1168 1019 γα-

153 1047 276 1114 μηλίαν
296 1046 514 1109 είςενεγκεῖν·
534 1047 603 1099 ὅταν
621 1063 662 1099 τις
681 1045 802 1111 ἠγάγετο
820 1051 946 1111 γυναῖκα,
965 1048 1029 1111 πρὶν
1043 1047 1168 1110 γενέςθαι

151 1138 248 1203 παάδα,
272 1136 354 1188 οὗτος
379 1136 589 1202 μαρτυράμενος
610 1137 673 1201 περί
695 1139 746 1187 τοι)
770 1136 861 1200 γάμου
885 1135 956 1188 κατά
979 1136 1046 1188 τοὺς
1063 1135 1168 1200 νόμους

150 1226 305 1290 γενομένου
329 1224 462 1278 ἀπεδίδου
485 1242 512 1277 τι
534 1230 592 1277 τοῖς
615 1225 769 1290 φράτορςιν
792 1223 830 1277 είς
853 1224 938 1288 λόγον
959 1223 1085 1289 εὐωχίας.
1123 1225 1168 1276 καί
1182 1247 1208 1285 10

150 1314 235 1367 τοῦτό
265 1314 320 1366 ἐςτι
346 1313 483 1378 γαμηλίαν
511 1312 680 1376 είςενεγκεῑν.
724 1314 859 1380 μέμνηται
886 1317 937 1366 τοί)
963 1312 1048 1376 λόγου
1072 1313 1168 1378 Δημο-

151 1403 249 1468 ςθένης
272 1402 302 1455 έν
326 1407 367 1470 τῷ
390 1403 469 1468 Πρὸς
488 1400 658 1468 Εὐβουλίδην
681 1403 756 1469 λόγῳ
781 1403 852 1469 (LVII
871 1402 915 1469 69)
942 1400 998 1454 *καί
1016 1401 1070 1467 γάρ
1088 1401 1166 1453 άτιά

150 1490 244 1557 πατήρ
263 1506 316 1556 μου
335 1491 406 1543 κατὰ
424 1492 491 1544 τοὺς
508 1490 613 1556 νόμους
632 1491 718 1556 ἔγημε
732 1492 777 1543 καί
790 1489 928 1557 γαμηλίαν
941 1495 1000 1542 τοῖς
1014 1490 1167 1556 φράτορςιν

150 1579 316 1647 είςενηνοχε,
336 1578 564 1646 μεμαρτύρηται’.

222 1693 288 1748 Lux.
308 1713 330 1748 s.
350 1711 445 1754 evm.
465 1711 492 1762 p.
513 1699 577 1760 185,
598 1698 643 1746 18:
672 1698 835 1761 γεννῆται
859 1697 945 1761 φυλαί
968 1696 1050 1762 ἠςαν,
1075 1695 1166 1760 ὥςπερ
1182 1718 1206 1758 15

149 1784 178 1837 αἱ
195 1785 328 1851 τριττύες.

220 1899 286 1954 Lxx.
307 1916 328 1952 s.
349 1917 437 1959 ονινπ.
456 1916 484 1967 p.
505 1903 569 1964 233,
590 1903 636 1951 28:
662 1900 819 1964 γνώμων·
839 1899 964 1953 ςύνταξίς
981 1915 1022 1952 τις
1041 1898 1166 1966 γραμμά-

148 2006 220 2056 των,
245 1989 307 2043 καθ’
325 1989 360 2054 ἣν
383 1990 419 2042 τά
442 1990 507 2056 τέλη
531 1989 699 2055 πράττεςθαι
722 1990 774 2055 χρὴ
798 1989 866 2041 τοὺς
889 1989 919 2040 ἐκ
937 1993 989 2054 τῆς
1007 1989 1166 2054 ἀλλοδαπῆς

149 2077 360 2144 εἰςκομίζοντας,
380 2077 421 2130 ὼν
440 2078 474 2130 άν
494 2077 677 2143 ἐκφέρωνται.

220 2191 284 2245 Lux.
305 2210 326 2245 ε,
347 2210 435 2252 ανιπτ.
454 2209 482 2259 p.
504 2196 565 2258 234,
586 2193 816 2260 1ιγδργυρον·
836 2193 1034 2259 δεςμωτὴριον.
1180 2218 1205 2256 20

221 2307 319 2360 Svas
348 2306 393 2376 (cf.
420 2306 473 2360 lox.
500 2305 526 2359 S.
553 2309 645 2375 quart.
664 2325 691 2376 p.
713 2310 837 2376 185,14)
866 2308 912 2378 [=
931 2307 1046 2361 An'stot.
1067 2307 1164 2362 histor.

147 2397 182 2449 fr.
202 2400 253 2448 439
273 2395 370 2467 Rose]:
394 2398 624 2463 γραμματεύς·
649 2399 732 2451 οὗτος
755 2398 882 2464 πράξεως
905 2399 955 2463 μέν
978 2399 1108 2463 οὐδεμιᾶς
1128 2399 1165 2465 ην

149 2487 249 2554 κύριος,
270 2485 478 2550 ὑπανεγίνωςκε
497 2487 527 2538 δέ
545 2492 580 2553 τῇ
600 2489 685 2554 βουλῇ
706 2489 809 2554 καὶτῷ
829 2487 909 2555 δήμῳ
928 2488 963 2540 τά
977 2487 1163 2553 πραττόμενα.

147 2577 165 2628 ἀ
190 2575 216 2628 δ’
239 2574 472 2641 ἀντιγραφεὺς
498 2577 542 2629 καί
567 2575 651 2628 οὗτος
677 2575 733 2628 ἀπὸ
755 2581 807 2629 του
830 2577 950 2643 γράφειν
972 2577 1008 2628 τά
1030 2577 1106 2642 παρὰ
1129 2581 1164 2644 τῇ

148 2667 234 2732 βουλῇ
255 2665 421 2729 ὠνόμαςται.
1178 2687 1204 2728 25

220 2776 318 2831 Svas
338 2777 383 2847 (cf.
402 2777 456 2832 lox.
476 2777 501 2831 S.
522 2781 613 2846 quart.
632 2796 659 2847 p.
681 2783 740 2844 185,
761 2781 817 2848 12):
841 2780 968 2846 γραφή·
987 2781 1006 2845 ἡ
1025 2783 1164 2847 περὶτῶν

150 2866 290 2934 δημοςίων
314 2869 493 2934 ἀδικημάτων
517 2869 669 2935 κατηγορία
689 2871 733 2922 καί
750 2872 813 2935 περί
832 2870 912 2937 [τῶν]
932 2869 1025 2921 ἀλλων
1043 2870 1164 2936 ἁμαρτη-

148 2957 252 3022 μάτων.
287 2956 412 3020 γίνονται
437 2958 467 3010 δὲ
493 2958 601 3024 γραφαὶ
626 2959 671 3009 καί
699 2958 794 3022 νόμων
822 2961 867 3011 καί
895 2959 1083 3025 ψηφιςμάτων
1111 2960 1163 3013 οὐκ

148 3045 312 3112 ἐπιτηδείων
331 3045 526 3111 εἰςκομίζεςθαι
545 3047 719 3098 δοκούντων·
746 3045 848 3099 αίτινες
866 3050 972 3113 γραφαί
990 3048 1162 3114 παρανόμων

148 3137 304 3189 καλοῦνται.
1177 3167 1203 3207 30

219 3249 329 3303 smus:
356 3253 522 3304 δαπανᾶν·
545 3251 580 3304 οὐ
598 3251 632 3303 τὸ
652 3250 805 3305 ἀναλίςκειν
824 3252 932 3320 ἁπλῶς,
957 3253 1025 3305 ἀλλὰ
1043 3252 1076 3305 τὸ
1095 3255 1161 3318 λαμ-

147 3370 358 3378 ——--—.--—

220 3450 306 3498 7-14
324 3444 398 3497 hanc
416 3443 539 3514 glossam
557 3447 590 3499 ut
607 3461 708 3514 parum
727 3445 839 3499 doctam
855 3445 1019 3515 Bernhardy
1037 3446 1160 3511 seclusit,

145 3516 196 3568 sed
215 3515 250 3569 cf.
269 3516 380 3585 Boysen
394 3515 412 3569 l.
428 3534 448 3570 s.
465 3534 493 3585 p.
509 3522 551 3583 ⁶25,
567 3523 591 3570 1.
665 3522 689 3570 9.
710 3521 743 3569 10
762 3515 866 3586 νόμους
884 3517 1035 3586 γενομένου
1053 3517 1161 3572 Rader-

146 3588 267 3654 macher,
286 3587 393 3659 γάμους
410 3587 484 3640 libri.
557 3595 590 3642 27
609 3597 666 3643 τῶν
685 3588 778 3642 damn.
798 3587 970 3658 Bernhardy.
