2664 3906
196 217 260 283 194
385 222 457 272 ειν.
477 221 696 272 FRAGMENTA
714 220 893 271 mcERTAE
912 221 1014 272 εεοιε

190 376 295 449 λέγων
323 378 409 448 ἀνὴρ
437 377 609 447 ἐπίτηδες,
638 376 695 433 ίνα
722 377 763 448 μὴ
791 386 896 433 πᾶσιν
924 377 976 448 εἴη
1002 378 1104 449 βατός
1129 375 1210 448 μηδ’

191 467 327 536 εὐτελὴς
349 465 518 536 φαίνηται
539 468 645 521 παντί
667 471 710 538 τῷ
734 466 928 540 βουλομένῳ
947 467 1135 537 νοούμενος
1154 470 1211 522 εύ·
1302 471 1319 492 '⁴

190 565 307 627 χερός,
340 555 423 610 ἀλλὰ
454 565 527 619 τοῖς
558 555 635 610 λίαν
664 565 784 624 σοφοῖς
816 555 1089 625 δοκιμαζόμενος
1116 557 1211 623 παρὰ
1318 581 1319 598 ι

189 647 327 708 τούτοις
353 643 587 714 θαυμάζηται·
621 643 637 699 ὁ
665 644 727 713 γὰρ
754 652 827 706 τοῖς
859 643 1014 712 ἀρίστοις
1042 644 1208 699 ἐπαινού-

163 746 290 801 σμευος
318 734 375 788 καί
403 732 607 803 κεκριμένην
635 731 740 798 δόξαν
767 735 879 804 λαβὼν
907 733 1132 801 ἀνάγραπτον
1160 734 1211 796 εἰς

189 822 248 878 τὸν
272 823 390 877 ἔπειτα
411 820 536 893 χρόνον
559 821 720 891 κέκτηται
743 822 803 892 τήν
821 821 940 891 τιμήν,
968 823 1006 877 ού
1025 823 1212 878 κινδυνεύ-

191 928 296 967 ουσαν
323 912 575 981 ἐξαλειφθῆναι
599 920 671 974 τοῖς
699 909 947 978 ἐπικρίνουσιυ.
985 915 1040 981 (36)
1067 909 1208 979 ἐζήλωσε

191 998 217 1056 δ’
241 998 289 1056 ἐπ’
312 998 441 1071 ὀλίγον,
470 998 507 1062 δίς
530 1016 615 1069 φησιν
634 997 789 1066 Ἄντυλλος,
813 1001 870 1054 καί
893 999 953 1062 τὰς
976 997 1124 1070 Γοργίου
1147 1009 1211 1054 τοῦ

190 1088 378 1145 Λεοντίνου
406 1089 612 1155 παρισώσεις
639 1091 697 1143 καί
724 1088 784 1151 τάς
810 1089 1009 1152 ἀντιθέσεις
1036 1099 1101 1144 τῶν
1130 1089 1210 1144 ὀνο·

151 1177 318 1248 εομάτων,
347 1177 599 1246 εὐδοκιμούσας
626 1175 699 1231 κατ’
724 1178 837 1233 έκεῖνο
866 1187 990 1245 καιροῦ
1017 1177 1108 1246 παρὰ
1136 1188 1211 1242 τοῖς

184 1265 319 1336 Ἕλλησι
344 1268 402 1321 καί
432 1266 549 1334 μέντοι
574 1268 631 1321 καλ
657 1264 833 1335 Προδίκου
857 1276 917 1321 τού
942 1265 1047 1322 Κείου
1076 1268 1120 1337 (cf.
1142 1269 1210 1322 Vor-

189 1357 339 1411 sokratilcer
356 1374 383 1425 p.
404 1360 465 1422 535,
483 1360 517 1408 42
537 1355 624 1426 Diels)
653 1355 714 1424 τήν
738 1355 794 1410 έπλ
818 1364 890 1417 τοῖς
916 1352 1084 1424 ὀνόμασιν
1111 1357 1208 1424 ἀκρι-

66 1450 119 1498 194
133 1443 177 1499 W.
193 1443 364 1516 βολογίαν.
408 1446 463 1513 (31)
489 1443 632 1513 μάλιστα
658 1446 661 1513 Ι
687 1443 723 1499 δὲ
755 1443 904 1512 πάντων,
938 1442 1020 1512 ὅπερ
1053 1444 1210 1513 εἴπομεν,

190 1534 352 1603 ἐζήλωσεν
371 1531 519 1603 Ὅμηρον
546 1534 604 1587 καὶ
630 1542 689 1603 τῆς
715 1535 793 1601 περὶ
820 1533 860 1587 τὰ
891 1531 1042 1604 ὀνόματα
1067 1535 1210 1604 ἐκλογῆς

151 1624 248 1677 ισκαλ
275 1630 332 1691 τῆς
358 1623 436 1691 περὶ
463 1622 523 1691 τήν
551 1623 717 1677 σύνθεσιν
745 1621 938 1694 ἀκριβείας,
965 1631 1024 1693 τῆς
1045 1619 1071 1676 τ’
1093 1623 1210 1694 ἰσχύος

189 1721 247 1782 τῆς
270 1712 355 1766 κατὰ
378 1711 438 1781 τὴν
462 1710 649 1781 ἑρμηνείαν
672 1713 730 1766 καλ
752 1720 811 1766 τοῦ
835 1711 980 1774 κάλλους
997 1712 1055 1766 καλ
1072 1720 1132 1767 τοῦ
1149 1712 1207 1766 τά·

190 1821 276 1872 γους.
314 1803 368 1870 (38)
386 1810 452 1856 τῶν
477 1799 512 1855 δὲ
535 1801 598 1868 πρὸ
623 1802 727 1856 αύτού
747 1798 968 1871 συγγραφέων
986 1820 1020 1855 τε
1039 1802 1098 1855 καλ
1117 1801 1208 1856 ίστο-

191 1899 294 1958 ρικῶν
325 1889 434 1958 ὥσπερ
462 1891 617 1960 ἀψύχους
643 1887 897 1958 εἰσαγαγόντων
922 1888 982 1952 τάς
1008 1889 1210 1960 συγγραφὰς

190 1981 248 2033 καί
261 1982 343 2050 ψιλῇ
359 1976 444 2050 μόνη
457 1977 678 2049 χρησαμένων
693 1978 750 2032 διά
769 1978 898 2040 παντὸς
917 1977 1086 2047 διηγήσει,
1104 1995 1208 2046 προσ·
1308 1967 1319 2008 ί

150 2069 296 2129 τούτοις
315 2065 341 2123 δ’
365 2069 402 2122 ού
425 2066 640 2135 περιθέντων
667 2063 788 2136 λόγους
812 2065 910 2128 τινας
935 2065 1014 2122 οὐδὲ
1040 2067 1208 2136 ποιησάν·

189 2175 254 2210 των
278 2154 503 2226 δημηγορίας,
527 2152 597 2209 ἀλλ’
615 2151 803 2222 Ἡροδότου
828 2153 887 2224 μέν
910 2155 1206 2226 ἐπιχειρήσαντος,

190 2245 228 2298 ού
257 2243 320 2314 μὴν
348 2245 589 2315 έξισχύσαντος
615 2240 670 2314 (δι’
698 2242 821 2313 ὀλίγων
847 2243 909 2314 γάρ
936 2242 1074 2312 ἐποίησε
1100 2242 1209 2315 λόγων

191 2333 232 2396 ὡς
250 2331 532 2401 προσωποποιίας
556 2336 682 2403 μᾶλλον
706 2331 790 2401 ἤπερ
811 2331 1046 2403 δημηγορίας),
1070 2332 1173 2403 μόνος
1192 2333 1207 2388 ὁ

191 2424 407 2493 συγγραφεύς
425 2420 543 2489 ἐξεῦρέ
559 2442 594 2476 τε
613 2421 827 2492 δημηγορίας
845 2422 901 2476 καί
920 2420 1055 2486 τελείως
1069 2422 1208 2494 ἐποίησε

152 2525 177 2566 25
192 2511 272 2581 μετὰ
291 2510 487 2582 κεφαλαίων
506 2513 564 2566 καλ
583 2511 796 2580 διαιρέσεως,
815 2510 896 2566 ὥστε
915 2513 972 2565 καλ
991 2511 1105 2566 στάσει
1124 2514 1207 2568 ύπο-

190 2598 328 2655 πίπτειν
360 2600 420 2664 τὰς
452 2599 677 2671 δημηγορίας·
712 2599 793 2668 ὅπερ
827 2601 897 2655 ἐστί
929 2598 1037 2669 λόγων
1068 2599 1209 2657 τελείων

191 2689 300 2744 εἰκών.
338 2694 392 2761 (39)
421 2699 524 2759 τριῶν
552 2688 579 2746 δ’
611 2689 718 2745 ὄντων
745 2689 968 2760 χαρακτήρων
997 2699 1206 2760 φραστικῶν,

190 2778 336 2848 ὑψηλοῦ,
366 2779 497 2851 ἰσχνοῦ,
525 2777 641 2848 μέσου,
668 2779 791 2846 παρεὶς
816 2778 894 2840 τούς
920 2777 1041 2840 ἀλλους
1067 2779 1208 2847 ἐζήλωσε

190 2867 249 2921 τὸν
275 2866 420 2938 ὑψηλόν,
446 2868 489 2930 ὡς
514 2866 596 2922 ὄντα
621 2875 658 2938 τῇ
686 2866 786 2936 φύσει
810 2862 1010 2934 πρόσφορον
1033 2871 1071 2939 τῇ
1095 2867 1208 2944 οἰκεία

152 2955 249 3009 υοκαλ
273 2960 315 3029 τῷ
338 2956 477 3027 μεγέθει
500 2955 675 3023 πρέποντα
697 2963 757 3009 τοῦ
779 2955 944 3009 τοσούτου
970 2953 1129 3025 πολέμου·
1163 2952 1208 3012 ὧν

191 3043 253 3112 γάρ
278 3044 312 3098 αλ
335 3045 477 3113 πράξεις
500 3044 657 3114 μεγάλαι,
680 3045 738 3097 καὶ
762 3044 821 3097 τὸν
846 3044 924 3109 περὶ
950 3045 1059 3098 αύτῶν
1084 3043 1207 3112 ἔπρεπε

191 3128 291 3201 λόγον
317 3133 471 3188 ἐοικέναι
495 3142 570 3195 ταῖς
595 3131 767 3200 πράξεσιν,
805 3132 859 3201 (40)
879 3128 936 3185 ίνα
959 3131 994 3186 δὲ
1020 3131 1103 3201 μηδὲ
1127 3134 1207 3196 τούς

263 3261 367 3309 11-13
387 3257 421 3311 cf.
442 3256 474 3311 fr.
496 3263 580 3327 εισι,
600 3263 624 3311 ο,

263 3458 295 3505 11
316 3450 402 3506 Κείου
426 3454 525 3521 edunt,
549 3451 621 3509 Κίου
645 3452 724 3507 liber.
817 3457 850 3507 18
869 3449 960 3520 ὥσπερ
983 3453 1112 3524 ἀψύχους
1134 3455 1206 3508 coni.

191 3523 324 3593 Krueger,
340 3524 468 3594 ἀψύχους
483 3523 573 3593 ὥσπερ
588 3524 667 3578 libor.
741 3520 946 3594 εἰσαγαγόντων
960 3523 1066 3596 Popp0‚
1082 3524 1206 3598 εἰσαγόν-

191 3614 246 3649 των
264 3595 344 3649 liber.
419 3600 452 3649 29
471 3603 504 3666 τῇ
525 3596 597 3670 (τε)
617 3596 700 3663 φύσει
719 3595 790 3650 οουὶ.
809 3594 900 3651 Hude.
