2666 3912
462 196 509 248 IV.
530 195 617 245 ΠΕΡΙ
635 194 836 246 ΣΧΗΜΑΤΩΝ
1118 191 1161 255 55

143 357 300 420 ευνδέεμοι(
318 356 482 420 ἑνούμενον,
507 356 524 421 ἡ
545 356 575 408 δὲ
594 325 760 407 διατύπαιειε
779 353 932 420 κομματική
953 355 1007 427 ἐςτι
1027 356 1071 406 καί
1090 353 1158 406 ἀπδ-

143 446 234 510 λατοε,
254 443 290 498 δι’
308 444 459 510 ἐξαλλαγὴ(
478 443 626 509 εχημάταιν
645 447 788 510 προῑοῠεα.

215 567 339 621 adhaec
359 565 471 632 adhibe,
491 581 564 635 quae
583 568 730 620 secuntur:

214 673 351 727 θοιιοπιοκ
370 672 513 728 Demoebh.
534 689 573 728 or.
593 680 648 726 XIX
667 691 694 742 p.
714 677 806 740 3³12&
823 672 923 727 Dine:
943 675 1108 728 διατύπωειε
1126 675 1159 726 τὸ

142 769 244 831 (χῆμα,
267 766 335 818 ὅταν
355 766 447 831 ιδεπερ
466 766 594 818 διατυποῖ
614 765 658 816 καὶ
677 763 715 817 εἰ(
734 764 801 829 ὄψιν
820 765 874 832 ἄγῃ
893 764 929 816 τὰ
948 764 1096 830 πράγματα
1115 764 1160 816 διὰ

140 859 199 907 τιῑιν
218 855 319 917 λόγων.
357 855 482 920 διαφέρει
505 855 535 907 δὲ
558 855 576 918 ἡ
602 853 767 907 διατύπωειε
789 856 841 919 τηε
865 852 1025 919 ἑκφράεεωε
1047 857 1089 919 τῷ
1107 854 1159 918 τήν
1187 863 1199 902 ο

141 943 192 1008 μὲν
217 943 384 996 διαπλπωειν
408 943 453 995 διὰ
476 942 565 995 πάθοι
587 958 614 994 τι
637 943 773 1007 λέγεεθαι,
795 942 849 1006 τὴν
869 943 899 994 δὲ
918 942 1050 1007 ἔκφραειν
1069 942 1160 1007 ιδεπερ

143 1031 265 1097 διήγημά
283 1049 310 1084 τι
329 1033 407 1084 εἶναι.

212 1153 242 1206 in
260 1155 352 1222 priore
367 1153 474 1208 scholio
488 1153 618 1206 Mmens
630 1152 651 1234 ¹l.
667 1171 688 1207 e.
703 1173 730 1222 p.
748 1158 791 1222 16,
805 1159 821 1206 2
838 1152 989 1221 (Οοιιιπκτπ
1003 1149 1021 1207 l.
1038 1170 1058 1206 e.
1074 1171 1101 1221 p.
1117 1159 1159 1218 19,

141 1243 231 1296 Rem
250 1242 268 1297 l.
289 1261 309 1296 e.
328 1261 355 1312 p.
376 1245 421 1312 50)
441 1240 557 1297 Caecilii
576 1242 700 1312 uestigia
719 1242 917 1314 agnoscebant.

213 1439 256 1505 72
282 1439 331 1528 (=
351 1441 394 1505 30
413 1439 465 1528 B.)
511 1439 676 1506 Τιριαιινα
700 1445 748 1504 ΙΠ
769 1464 800 1526 p.
826 1441 881 1524 79,
904 1441 945 1504 27
971 1439 1038 1525 Sp:
1062 1443 1099 1506 τὸ
1124 1444 1160 1505 δὲ

141 1553 315 1629 διαευρμοῦ
343 1554 446 1629 εχῆμα
473 1553 616 1629 παρῆκεν
640 1547 786 1627 Ἀψίνηε,
816 1548 985 1614 Κεκίλιος
1014 1552 1050 1614 δὲ
1079 1549 1158 1615 αὐτὸ

141 1657 279 1734 ἐνέθηκε.
312 1660 410 1720 τοῦτο
425 1657 460 1720 δέ
477 1657 539 1720 ἐετι
554 1656 636 1736 <τὸ>
651 1656 691 1718 τὰ
707 1656 831 1734 μεγάλα
850 1657 943 1734 μικρὰ
961 1660 1089 1734 ποιῆται
1108 1657 1158 1719 καὶ
1174 1674 1199 1711 10

141 1763 340 1839 ἐξευτελίεαι,
360 1761 431 1827 οἷον
451 1770 706 1837 (Dem.XV11128)
727 1761 809 1826 ’ἀλλ’
829 1763 864 1826 ἐν
883 1767 953 1827 τοῖν
973 1766 1064 1827 δυοῖν
1084 1761 1158 1841 ὀβο-

140 1873 212 1934 λοῑν
242 1870 404 1949 ἐθεώρουν
434 1870 473 1933 ἂν
503 1869 531 1933 εἰ
555 1871 596 1948 μὴ
620 1873 717 1934 τοῦτο
742 1869 891 1950 ἐγράφη.
932 1872 983 1934 καὶ
1003 1877 1080 1956 (ἰδία
1096 1877 1158 1945 232)

141 1975 239 2041 πάνυ
263 1995 313 2053 γε·
345 1975 385 2040 οὐ
413 1977 474 2055 γὰρ
503 1977 592 2055 παρὰ
619 1980 717 2040 τοῦτο
741 1977 856 2056 εὐχερῆ
880 1975 1005 2059 γέῑγονε
1028 1977 1068 2040 τὰ
1091 1980 1157 2040 τῶν
1172 1983 1206 2032 80
1219 1979 1264 2049 Sp.

140 2083 303 2160 Ἑλλήνων
331 2083 515 2162 πράγματα,
547 2083 573 2147 εἰ
601 2085 691 2147 τουτὶ
717 2084 756 2147 τὸ
780 2083 864 2162 ῥῆμα
890 2083 973 2148 ἀλλὰ
997 2085 1037 2161 μὴ
1062 2087 1158 2148 τοῦτο

129 2191 306 2268 ’διελέχθην
331 2190 409 2266 ἐγώ,
436 2191 456 2268 ἢ
482 2191 571 2269 δευρὶ
594 2192 653 2268 τὴν
677 2194 769 2269 χεῖρα
792 2190 875 2254 ἀλλὰ
899 2187 939 2268 μὴ
964 2192 1053 2284 δευρὶ
1076 2211 1156 2268 παρ·
1173 2208 1197 2246 ιο

139 2296 280 2374 ηνεγκα’.

211 2433 383 2504 exemplum,
402 2434 478 2503 quod
496 2433 625 2488 Tiberius
644 2453 671 2488 ιι.
687 2439 790 2489 13-16
810 2434 922 2502 laudat,
942 2435 1018 2506 apud
1036 2433 1157 2489 Alexan-

139 2523 221 2577 drum
240 2539 351 2591 quoque
370 2521 413 2592 (fr.
434 2529 493 2578 Ἰθα
512 2541 538 2592 p.
560 2529 603 2589 56,
622 2527 702 2592 5-7)
721 2523 888 2578 inuenimue.

209 2711 282 2777 7⁶28
299 2718 422 2772 Ειιποιιιι
436 2719 596 2772 Ammon
610 2727 644 2772 111
657 2737 685 2788 p.
701 2725 743 2786 26,
758 2725 774 2771 δ
790 2717 849 2788 Sp:
869 2721 1016 2786 διαευρμδε
1035 2721 1060 2775 δ’
1076 2720 1156 2787 ἐςτίν,

142 2810 254 2864 ἐπειδὰν
273 2809 398 2874 λέγωμεν
417 2809 580 2862 ἀξιοπίτται(
598 2811 781 2876 διαεύροντεε,
800 2811 839 2862 ὼε
858 2810 1004 2876 Ὑπερίδης
1024 2810 1080 2864 Ἐπὶ
1099 2811 1157 2875 Δη-

140 2899 292 2966 μοεθένουε
312 2900 331 2965 (1
350 2896 383 2949 fr.
403 2905 425 2951 11
445 2923 478 2942 =
497 2915 524 2966 p.
545 2897 574 2949 3¹¹
594 2897 660 2965 Bw)
685 2898 741 2951 ‘mi
764 2904 947 2965 ευκοφαντειε
968 2899 1022 2964 τὴν
1043 2899 1155 2965 βουλήν,

141 2987 303 3053 προκλήεειε
321 2989 461 3053 προτιθείε
479 2989 524 3040 καλ
543 2987 657 3052 ἐρωτῶν
672 2988 702 3040 ἐν
716 2993 776 3041 ταῖε
789 2987 975 3054 προκλήτεειν,
994 2988 1081 3040 πόθεν
1096 2989 1155 3041 ἔλα·
1170 2999 1196 3038 ιο

141 3079 186 3142 βεε
204 3077 237 3128 τὸ
257 3075 380 3142 χρυελον,
405 3077 449 3128 καὶ
471 3075 513 3128 τί(
536 3077 572 3140 ἠν
596 3092 636 3128 εοι
655 3077 671 3129 δ
691 3077 769 3143 δούε,
794 3078 838 3129 καλ
856 3081 929 3140 πῶς
952 3080 1111 3130 τελευταῖον
1131 3076 1156 3129 δ’

139 3165 205 3218 ἴεωε
231 3164 378 3231 ἐραιτὴεειε
403 3168 447 3218 καί
473 3163 496 3218 εἰ
522 3164 629 3230 ἐχρήεω
653 3171 695 3233 τῷ
714 3165 829 3234 χρυείιρ,
855 3167 946 3231 ὥοπερ
964 3166 1155 3232 τραπεζιτικὸν

141 3254 227 3316 λόγον
245 3254 321 3321 παρὰ
339 3256 390 3319 τῆε
410 3256 511 3320 βουλή(
530 3253 677 3320 ἀπαιτῶν’,
696 3257 742 3307 καλ
760 3255 776 3307 δ
795 3255 880 3307 αὐτὸ(
899 3254 957 3307 Ἐπὶ
974 3257 1025 3320 τῆ(
1043 3254 1155 3320 Φρύνη(

140 3340 183 3410 (fr.
201 3345 251 3394 178
266 3339 332 3403 Bw)
353 3341 406 3396 ‘vit
424 3343 477 3410 γάρ
496 3343 568 3396 ἐετιν
587 3341 659 3396 αἰτία
678 3344 758 3410 αὕτη,
778 3342 801 3395 εἰ
815 3344 948 3412 Ταντάλῳ
963 3343 1033 3408 ὑπὲρ
1047 3346 1098 3408 τῆ(
1113 3358 1154 3394 κε-

139 3445 353 3452 -——-..-.—-—-

211 3508 228 3554 4
247 3500 303 3572 ἄρῃ
315 3517 384 3554 οοιι.
399 3500 497 3568 Aldus,
516 3500 582 3555 libri
596 3504 647 3555 eut
660 3502 725 3571 ἄγοι
739 3503 789 3554 aut
802 3501 864 3570 ἄγει
878 3500 1018 3554 exhibent.
1070 3505 1103 3553 10
1121 3501 1153 3554 τὸ

140 3572 205 3626 edd.
224 3571 439 3626 Radermacher.
514 3577 546 3625 13
566 3591 596 3642 γε
615 3575 649 3628 οδ
668 3575 697 3627 et
715 3573 813 3642 εὐχερῆ
832 3571 933 3626 desunt
951 3573 981 3625 in
998 3571 1076 3626 Dem.
