2666 3912
145 251 206 302 VH.
226 250 314 299 ΠΕΡΙ
331 247 407 299 ΤΟΤ
425 247 666 297 ΧΑΡΑΚΤΗΡΟΣ
683 246 759 297 ΤΩΝ
776 248 871 298 ΔΕΚΑ
890 246 1061 298 ΡΗΤΟΡΩΝ
1095 243 1158 308 103

52 467 58 488 ἱ
144 409 236 475 ἐτάφη
265 411 295 462 δὲ
325 409 393 474 μετά
420 412 471 474 τής
500 406 656 471 ςυγγενελας
683 407 798 472 πληςίον
819 407 1011 473 Κυνοςάργους
1039 407 1083 460 ἐπὶ
1109 411 1161 460 τοῦ

144 499 235 564 λόφου
260 499 290 551 ἐν
314 498 441 566 ἀριςτερᾷ
465 497 551 549 αὐτός
573 513 604 550 τε
627 499 672 549 καὶ
696 497 712 548 6
733 497 826 561 πατὴρ
845 496 932 548 αὐτοθ
952 496 1098 562 θεόόωρος
1117 498 1162 549 καὶ

143 587 161 652 ή
189 587 280 653 μήτηρ
301 587 418 652 Ἣόυτώ,
443 587 548 651 ταύτης
572 583 600 638 τ’
617 585 725 651 ἀδελφή
752 587 831 650 τηθὶς
855 589 906 636 τοῦ
933 585 1052 651 ῥήτορος
1078 586 1161 638 Νακῶ

143 677 189 730 καί
214 678 230 729 ό
255 676 371 741 ποιητὸς
399 674 459 728 υἱός
478 674 616 741 Ἀφαρεὺς
643 676 688 726 καὶ
715 674 731 726 6
760 673 875 738 ἀνεψιός
902 675 989 728 alnoo
1016 673 1160 741 (ωςικλῆς,

144 765 249 831 μητρός
268 764 435 831 Ἰςοκράτους
458 764 583 830 ἀδελφῆς
603 765 712 816 Νακοῠς
735 762 794 815 υἱός
813 763 866 829 ῶν,
893 763 954 815 ὅτ’
971 763 1094 829 ἀδελφός
1112 764 1161 816 αιί-
1187 774 1200 813 5
1219 777 1235 814 α

142 858 194 907 τοῦ
218 855 368 919 ὁμώνυμος
391 857 442 906 τοῦ
469 853 576 919 πατρὸς
601 853 748 918 θεόδωρος
774 854 819 904 καὶ
845 850 871 904 oi
896 850 993 904 υἱωνοὶ
1019 849 1160 923 <αὐτοῠ>,

142 947 194 995 τοῦ
213 944 379 1008 ποιηθέντος
398 943 475 1010 αὐτῷ
497 941 596 994 παιδός
616 940 767 1007 Ἀφαρέως.
807 940 944 1007 Ἀφαρεὺς
963 957 978 992 ν
999 943 1043 994 καλ
1062 941 1160 994 6106-

141 1047 194 1084 του
218 1033 311 1097 ποτήρ
330 1032 476 1097 θεόόωρος
499 1033 517 1095 ή
536 1046 567 1083 τε
585 1032 656 1096 γυνή
676 1030 827 1096 Πλαθάνη,
852 1030 943 1095 μήτηρ
962 1031 993 1083 δὲ
1010 1035 1061 1083 τοθ
1081 1047 1160 1096 ποιη-

141 1125 193 1173 τοθ
215 1120 366 1186 Ἀφαρέως.
400 1119 444 1172 ἐπὶ
463 1120 513 1184 μὲν
532 1119 583 1172 οὖν
600 1121 712 1172 τούτων
730 1119 863 1185 τράπεζαι
882 1119 986 1185 ἐπήςον
1005 1119 1041 1182 ἕξ,
1061 1117 1090 1172 οἳ
1108 1124 1160 1171 νῦν

142 1209 176 1262 οὐ
201 1211 347 1277 ςῲῑονται·
374 1209 451 1276 αὐτῷ
476 1207 501 1262 6’
521 1207 664 1274 Ἰςοκράτει
687 1208 731 1261 ἐπλ
753 1213 805 1261 τοῦ
829 1208 973 1275 μνήματος
996 1208 1067 1274 ἐπήν
1092 1207 1159 1261 κίων
1174 1220 1200 1258 10

141 1299 292 1365 τριάκοντα
315 1302 427 1364 πηχῶν,
454 1296 502 1364 ἐφ’
525 1297 559 1350 οὗ
583 1299 675 1363 ςειρήν
698 1301 798 1363 πηχῶν
822 1297 891 1349 ἑπτά
916 1299 1098 1362 ςυμβολικῶς,
1129 1297 1160 1350 ὃς

141 1392 193 1440 νῦν
217 1388 251 1441 οὐ
271 1389 393 1456 ςῲῑετοι.
430 1388 466 1452 ῆν
485 1387 516 1439 δὲ
535 1388 580 1439 καὶ
598 1387 686 1438 αὐτοῦ
704 1385 827 1452 τράπεζα
845 1386 960 1451 πληςίον
979 1387 1080 1451 ἔχουςα
1098 1383 1190 1439 ποι-ά

142 1477 211 1542 ητός
235 1493 267 1530 τε
294 1478 338 1528 καὶ
362 1477 429 1529 τοὺς
455 1475 636 1529 διόαςκάλους
661 1476 762 1540 αὐτοῦ,
789 1474 819 1527 ἐν
845 1474 887 1528 οἷς
910 1477 954 1527 καὶ
979 1474 1093 1541 Γοργίαν
1112 1473 1158 1543 (cf.

147 1565 351 1620 Vorsolcratiker
375 1582 403 1632 p.
423 1568 484 1630 626,
502 1568 537 1616 24
556 1561 644 1632 Diels)
669 1562 707 1616 εἰς
730 1568 849 1629 ςφαῖραν
875 1564 1073 1631 άςτρολογικήν
1101 1565 1159 1630 βλέ-

140 1671 232 1708 ποντα
255 1655 342 1708 αὐτόν
365 1670 396 1706 τε
414 1654 465 1706 τόν
485 1653 640 1719 Ἰςοκρότην
658 1657 829 1718 παρεςτῶτα.
867 1652 1008 1706 ἀνάκειται
1027 1654 1052 1706 δ’
1070 1654 1158 1707 αὐτοῦ
1173 1664 1199 1706 15

140 1747 186 1798 καί
204 1745 234 1796 ἐν
255 1743 383 1797 Ἐλευςῑνι
406 1742 488 1796 εἰκὼν
512 1745 598 1808 χαλκῆ
623 1743 776 1808 ἔμπροςθεν
798 1746 850 1794 τοῦ
874 1743 1020 1810 προςτψου
1041 1743 1096 1796 ὑπὸ
1114 1743 1159 1796 Τι-

142 1835 244 1899 μοθέου
262 1838 314 1886 τοῦ
329 1833 466 1898 Κόνωνος,
486 1833 530 1885 καλ
545 1833 742 1898 ἐπιγέγραπται
761 1829 805 1896 (cf.
821 1829 1019 1898 inscriptiones
1034 1830 1158 1885 Graecae

140 1921 273 1974 metricae
289 1925 340 1974 166
359 1919 472 1989 Preger)

212 2012 383 2076 Τιμόθεος
402 2010 517 2076 φιλίας
535 2027 571 2064 τε
590 2010 687 2076 χάριν
706 2010 837 2064 ξύνεςίν
855 2026 892 2062 τε
910 2015 1086 2076 προτιμῶν

213 2100 420 2166 Ἰςοκρότους
440 2098 518 2152 εἰκὼ
537 2098 630 2165 τήνδ’
649 2100 795 2165 ἀνέθηκε
814 2103 914 2152 θεοῖν.
1172 2101 1197 2140 2⁰

139 2190 306 2255 Λεωχάρους
325 2189 416 2254 ἔργον.

207 2283 363 2359 φέρονται
387 2279 415 2343 6'
440 2280 540 2343 αὐτοῦ
564 2280 656 2354 λόγοι
681 2280 843 2358 ἑξήκοντα.
883 2277 930 2343 ὧν
955 2279 1010 2343 εἰςι
1034 2279 1156 2356 γνήςιοι

140 2389 222 2451 κατὰ
254 2390 310 2466 μὲν
343 2387 518 2450 Διονύςιον
552 2386 758 2462 εἰκοςιπὲντε,
796 2387 877 2449 κατὰ
909 2388 945 2449 δὲ
981 2387 1155 2450 Κεκίλιον

139 2494 331 2569 εἰκοςιοκτώ,
355 2493 385 2556 οἱ
405 2493 433 2556 6’
458 2491 550 2556 ἄλλοι
573 2494 834 2571 κατεψευςμένοι.

210 2596 258 2650 elci
277 2597 302 2649 6’
320 2595 347 2650 οἳ
366 2599 410 2650 καὶ
428 2599 528 2662 τέχνας
546 2597 633 2650 αὐτόν
651 2598 759 2660 λέγουςι
778 2598 1010 2663 ςυγγεγραφέναι,
1030 2596 1056 2650 οἳ
1076 2597 1101 2649 6’
1120 2599 1153 2651 οὐ
1169 2611 1194 2650 ιο
1209 2595 1223 2648 f

139 2687 263 2756 μεθόδῳ,
296 2685 355 2739 ἀλλ’
387 2686 496 2753 άςκήςει
527 2685 675 2753 χρήςαςθαι
708 2684 752 2752 (cf.
780 2683 897 2738 Photius
924 2685 993 2740 bibl.
1022 2684 1082 2739 cod.
1103 2691 1155 2739 260

138 2793 165 2844 p.
185 2775 252 2828 486¹>
272 2778 307 2842 5).

209 2899 236 2935 u.
257 2886 344 2934 1-21
364 2897 398 2935 ex
416 2880 562 2936 Heliodori
581 2882 653 2948 Περὶ
671 2881 748 2953 (τῶν
766 2877 919 2953 Ἀθήνησι)
938 2881 1088 2950 μνημάτων
1108 2881 1154 2934 de·

139 2971 238 3026 duobos
258 2973 287 3026 ei
306 2987 323 3024 υ
342 2970 464 3025 Caecilio
488 2973 615 3025 seruatos
639 2986 700 3024 esse
724 2969 793 3022 Κιιιι
811 2969 928 3024 Hermes
947 2979 1013 3024 XXX
1032 2989 1059 3039 p.
1080 2976 1154 3025 201ν

138 3062 258 3114 0132198
277 3061 350 3129 (235)
369 3058 582 3114 demonstrauit.

210 3207 225 3254 2
245 3198 330 3264 αὐτός
346 3200 458 3268 Βθίελιθ,
485 3198 581 3264 civilis
598 3199 672 3254 libri.
764 3205 779 3253 3
795 3198 905 3256 Ἡθυτώ
925 3200 1046 3270 Sauppe,
1067 3202 1154 3255 αὐτοῦ

137 3272 212 3326 libri.
284 3274 373 3327 Νακὼ
388 3273 453 3327 Keil
465 3273 484 3326 l.
499 3292 520 3327 υ.
536 3292 563 3342 p.
575 3277 625 3325 201
642 3275 670 3326 eb
685 3277 745 3338 203,
756 3278 781 3336 2,
791 3270 898 3327 Ἀνακὼ
912 3271 986 3325 libri.
1060 3276 1154 3326 4Σω-

138 3347 233 3412 σικλής
250 3343 313 3397 Keil
331 3343 349 3397 l.
370 3363 389 3399 s.
410 3363 437 3414 p.
457 3350 518 3411 204,
533 3350 563 3410 2,
587 3342 741 3412 Σωκράτης
758 3342 832 3398 libri.
923 3350 939 3397 6
958 3348 1076 3405 Ναννοῦς
1093 3341 1154 3407 υἱὸς

137 3413 201 3467 Keil
219 3415 237 3468 l.
257 3433 278 3468 ιι.
297 3433 325 3484 p.
345 3421 395 3470 201
416 3419 445 3469 ei
462 3435 490 3485 p.
510 3420 572 3483 203,
591 3421 620 3481 2,
648 3415 817 3477 άνακοόσιος
842 3413 916 3468 libri.
1026 3421 1041 3468 6
1066 3415 1153 3469 αὐτοῦ

138 3486 203 3538 add.
217 3485 417 3554 Wybtenbach.
519 3494 533 3540 7
552 3488 618 3556 posi
630 3483 767 3553 Ἀφαρεὺς
785 3486 886 3540 lacuna
905 3489 948 3540 ουά
966 3485 996 3539 in
1015 3486 1111 3540 codice
1130 3487 1153 3539 E

137 3556 293 3627 (Parisino).
367 3564 401 3613 10
420 3559 507 3626 κριὼν
521 3561 571 3613 aui
585 3567 672 3625 κριῶν
686 3560 736 3611 aui
749 3558 828 3624 κριὸς
842 3557 916 3611 libri.
991 3563 1023 3610 19
1043 3555 1153 3622 ξύνεσίν

138 3627 276 3697 Duebner‚
295 3628 389 3701 ξενίην
406 3630 481 3685 libri.
554 3636 589 3683 20
607 3633 690 3684 θεοῖν
707 3629 818 3697 KaibeL
837 3634 920 3692 θεαῖς
938 3628 1013 3683 libri.
