2666 3912
176 186 219 251 58
495 191 541 240 ιν.
562 190 649 240 nm
667 189 870 239 Σιιιιιιιταιν

290 349 408 429 ἀφιλοε
431 349 497 428 ἠεθ’
522 349 580 429 ἄρ’,
605 350 631 414 ὦ
655 351 766 428 πάτερ,
790 352 942 429 πράττων
966 356 1079 416 κακῶς.

176 458 253 521 τοὺε
281 459 317 520 δὲ
346 458 485 535 χρόνου(
511 456 706 533 ἀλλοιοῡειν,
736 456 816 521 όταν
840 462 907 522 τοῑε
931 459 1098 523 ἐνεετῶειν
1122 457 1192 522 ἀντὶ

177 567 243 627 τῶν
253 564 498 647 παρῳχημένων
508 568 657 643 χρῶνται,
672 563 745 628 οἶον
755 565 843 643 παρὰ
853 566 1052 643 Δημοεθένει
1067 573 1192 640 (L1x34)

178 670 240 733 ’καὶ
268 670 317 735 ότι
345 674 446 735 ταῦτα
474 670 575 750 ἀληθῆ
604 673 702 747 λέγω,
733 673 810 735 τοὺε
839 671 985 750 ὁρῶντα(
1013 672 1086 749 ὑμῖν
1115 671 1192 750 μάρ-

149 798 273 855 ιτυραε
293 776 480 856 παρέξομαι’
500 777 571 842 ἀντὶ
590 781 648 842 τοῦ
668 779 744 842 τοὺε
764 779 956 857 ἑωρακόταε.
993 778 1110 843 ὁποῖόν
1130 779 1192 842 ἐετι

176 885 227 948 καὶ
251 885 288 947 τὸ
312 885 400 963 παρὰ
424 891 469 970 τῷ
489 884 639 968 Εὐριπίδῃ
665 885 700 948 ἐν
719 891 757 969 τῇ
776 884 975 968 Ἀνδρομέδᾳ
999 894 1042 961 (fr.
1063 901 1114 949 145
1133 882 1192 959 N.²)

283 991 350 1068 δρῶ
375 993 410 1055 δὲ
434 993 517 1069 πρόε
540 997 596 1070 τῆ(
620 993 785 1070 παρθένου
810 992 989 1070 θοινάματα
1190 1061 1207 1098 0

84 1083 89 1101 '
177 1097 247 1161 ἀντὶ
265 1102 323 1162 τοῦ
344 1097 440 1162 εἶδον.
483 1099 534 1161 καὶ
554 1098 572 1162 ό
592 1098 790 1177 Θουκυδίδης
811 1107 847 1174 (11
867 1115 909 1176 35,
928 1107 954 1173 1)
975 1099 1018 1163 *οἱ
1037 1101 1094 1177 μὲν
1113 1103 1192 1163 πολ-

171 1191 226 1269 λοὶ
256 1210 322 1271 τῶν
353 1206 467 1269 ἐνθάδε
498 1205 673 1284 εἰρηκότων
704 1207 867 1270 ἐπαινοῦει
896 1208 954 1270 τὸν
983 1206 1193 1285 προετιθέντα

136 1334 161 1372 ιο
175 1319 221 1396 τῷ
244 1315 334 1396 νόμῳ
357 1314 415 1376 τὸν
439 1313 540 1387 λόγον
563 1313 670 1376 τόνδε’
696 1312 766 1377 ἀντὶ
789 1317 848 1377 τοῦ
873 1313 1038 1396 ἐπῄνεεαν.

247 1487 310 1522 cum
334 1468 526 1537 disputatione
549 1468 701 1522 Tiberiana
720 1468 750 1522 in
768 1469 865 1522 multis
885 1468 1016 1538 congruit
1033 1468 1194 1522 Alexander

176 1563 212 1630 (u.
232 1557 265 1611 fr.
287 1561 362 1627 λόει).

243 1729 314 1794 758
333 1736 454 1789 Ειυποιιιι
473 1736 633 1789 Αιαιωιυαι
647 1745 681 1790 ΙΙΙ
695 1755 722 1804 p.
739 1741 781 1803 33,
798 1742 831 1790 16
846 1736 906 1804 Sp.:
924 1739 943 1803 ι)
964 1738 994 1790 δὲ
1014 1737 1156 1790 ἀλλοίωειε
1174 1738 1192 1802 ἢ

175 1829 218 1880 καλ
244 1827 348 1891 ἀλλαγὴ
375 1826 464 1892 εχῆμά
490 1826 545 1879 ὲετι
570 1827 706 1893 ποικίλον,
734 1828 778 1879 καὶ
806 1827 876 1879 κατὰ
902 1827 1022 1879 πολλοὺε
1045 1825 1193 1889 γινόμενον

173 1917 308 1982 τρόπους·
328 1917 444 1982 καὶγὰρ
464 1915 598 1980 ἀριθμου(
618 1916 798 1980 ἀλλάεεομεν,
820 1918 864 1968 καὶ
883 1915 1031 1980 ὀνομάτων
1050 1915 1100 1966 τά(
1118 1915 1193 1966 πτώ-

174 2021 234 2069 εειε,
256 2006 299 2056 καὶ
319 2004 439 2057 ἐπὶτῶν
458 2005 592 2071 ῥημάτων
612 2004 693 2057 πάλιν
713 2004 840 2070 χρόνουε,
859 2005 943 2070 πάθη.
977 2004 1125 2068 ὀνομάτων
1142 2004 1192 2066 μὲν

134 2107 160 2146 ιτ
174 2094 225 2146 οὖν
249 2093 308 2157 εἴδη
332 2095 377 2144 καλ
401 2094 492 2146 οὕτω(
515 2094 675 2146 ἀλλοιοῦται
698 2095 742 2145 καὶ
762 2094 958 2158 μεταβάλλεται
985 2091 1068 2145 ‘ulica
1094 2093 1147 2158 γὰρ
1172 2092 1190 2156 ἡ

174 2181 266 2234 Ἑλλὰε
294 2180 499 2248 ἐειδηροφόρει’
529 2179 625 2249 (Γδαο.
646 2188 656 2232 Ι
680 2182 768 2246 6,1)·
799 2182 860 2234 ἀντὶ
887 2182 940 2247 γὰρ
966 2186 1025 2234 τῶν
1054 2180 1192 2246 Ἑλλήνων

174 2271 266 2324 Ἑλλὰε
292 2270 410 2336 εἴρηται·
438 2273 482 2323 καλ
507 2271 589 2323 πάλιν
618 2269 666 2338 (id.
686 2277 708 2322 11
728 2275 771 2334 44,
791 2271 818 2338 4)
846 2270 881 2324 ἐἰ
906 2272 959 2336 γάρ
985 2271 1017 2334 τὸ
1046 2270 1192 2336 φιλότιμον

173 2360 271 2426 ἀγήρω
290 2358 389 2424 μόνον’
409 2361 471 2414 ἀντὶ
488 2365 540 2412 τοι)
560 2361 575 2411 ό
595 2361 753 2426 φιλότιμοε·
784 2363 829 2412 καὶ
848 2361 887 2413 ὼε
905 2360 1087 2425 Δημοεθένηε
1107 2363 1193 2424 (xlm

174 2451 217 2516 18)
243 2448 349 2502 Ἱπειτα
375 2449 400 2501 δ’
424 2452 442 2515 ἡ
469 2450 685 2516 Πελοπόννηεοε
711 2451 803 2503 ἀπαευ
829 2448 974 2515 διεετήκει’
1002 2448 1062 2500 ἀνιτ
1087 2451 1138 2500 τοῦ
1165 2446 1191 2498 οἱ

133 2551 158 2590 20
172 2537 399 2603 Πελοποννήτιοι.
440 2539 544 2592 τούτου
569 2537 594 2590 δ’
618 2540 708 2604 ἔχεται
731 2543 782 2591 τοῦ
806 2538 913 2604 τρόπου
938 2539 982 2590 καὶ
1005 2537 1038 2588 τό
1059 2540 1189 2588 τοιοῦτον

173 2626 238 2692 εγῆν
258 2625 365 2692 ἀροῦν’.
401 2627 507 2690 ἐγίνετο
527 2629 558 2681 δέ
578 2631 622 2681 καί
640 2629 756 2693 τοιαύτη
778 2628 914 2692 μεταβολὴ
934 2627 1101 2691 προεώπων,
1122 2625 1191 2677 όταν

172 2715 223 2781 ἀφ’
241 2716 337 2781 ἑτέρου
357 2715 405 2782 ἐφ’
423 2706 525 2782 ἕτερον’
538 2717 588 2769 τόν
607 2718 692 2780 λόγον
712 2716 927 2783 μεταφέρωμεν,
953 2716 992 2768 ὼε
1012 2717 1067 2780 ἔχει
1085 2715 1118 2766 τό
1136 2729 1192 2765 τοι-

172 2809 257 2857 οῦτον
276 2802 364 2871 (Dem.
383 2811 448 2858 XXV
467 2809 500 2856 2⁷
512 2807 535 2870 s)
560 2805 616 2858 ‘ml
636 2807 727 2859 οὐδεὶς
746 2806 828 2870 ἡμῶν
847 2805 933 2869 χολὴν
953 2802 1015 2858 οὐδ’
1038 2804 1127 2869 ἀργὴν
1147 2803 1193 2855 εὑ·

172 2892 315 2959 ρεθήεεται
338 2895 412 2959 ἔχων
438 2893 485 2961 ἐφ’
503 2893 545 2948 οἵ(
569 2896 584 2946 ό
605 2895 736 2960 βδελυρόε
755 2893 839 2946 οὗτος
859 2894 902 2944 καί
923 2893 1038 2959 ἀναιδήε
1058 2892 1190 2957 βιάζεται;

66 2984 99 3034 34
112 2979 157 3050 Sp.
174 2983 216 3049 όε,
237 2983 260 3035 ὠ
281 2984 437 3049 μιαρώτατε
455 2983 582 3049 πάντων,
606 2982 852 3048 ἀποκεκλειεμένηε
871 2998 912 3034 τοι
927 2980 931 3049 l
947 2984 998 3047 τῆ(
1017 2979 1191 3047 παρρητίαθ.

132 3084 157 3124 ιο
171 3072 302 3125 πτώεεωε
326 3072 356 3125 δέ
380 3071 486 3136 ἀλλαγὴ
509 3075 555 3125 καὶ
574 3073 711 3137 μεταβολὴ
731 3071 807 3123 οὕτω
827 3070 1019 3136 εχηματίζετυι
1037 3071 1116 3135 παρὰ
1133 3076 1192 3123 τοῖε

170 3163 297 3213 παλαιοῑε
316 3158 405 3228 (Dem.
419 3167 475 3212 XIX
491 3162 517 3225 2)
538 3160 616 3214 ‘wisc
636 3161 685 3225 μὲν
705 3160 756 3211 οὖν
776 3159 884 3224 ἀλλουε,
906 3160 965 3213 όεοι
978 3160 1048 3224 πρὸ(
1062 3160 1098 3212 τά
1113 3159 1192 3212 κοινὰ

109 3311 110 3314 ¹
171 3249 282 3302 δικαίωε
300 3250 513 3315 προεέρχονται,
542 3250 594 3302 κάν
622 3248 775 3302 δεδωκότεε
804 3249 870 3300 ῶτιν
899 3248 1029 3313 εὐθάνατ,
1061 3249 1114 3314 τὴν
1138 3249 1192 3301 ἀει-

243 3394 297 3443 18ιι
317 3388 351 3442 ef.
370 3388 403 3441 fr.
424 3395 458 3443 94
477 3407 504 3456 ρ.
527 3395 569 3456 79,
589 3394 631 3443 10.
713 3394 818 3442 23-25
839 3389 873 3443 cf.
893 3387 927 3443 fr.
947 3394 981 3441 94
999 3405 1018 3456 p
1049 3393 1093 3444 81.
1112 3393 1190 3441 4-7.

244 3573 276 3619 12
296 3566 447 3635 γενόμενον
461 3566 535 3624 libri.
556 3583 624 3621 corr.
640 3567 770 3637 Spengel.
