<?xml version="1.0" encoding="UTF-8"?>
<!DOCTYPE html PUBLIC "-//W3C//DTD XHTML 1.0 Transitional//EN"
    "http://www.w3.org/TR/xhtml1/DTD/xhtml1-transitional.dtd">
<html xmlns="http://www.w3.org/1999/xhtml" xml:lang="en" lang="en">
 <head>
  <title>
</title>
<meta http-equiv="Content-Type" content="text/html;charset=utf-8" />
  <meta name='ocr-system' content='tesseract 3.04.00' />
  <meta name='ocr-capabilities' content='ocr_page ocr_carea ocr_par ocr_line ocrx_word'/>
</head>
<body>
  <div class='ocr_page' id='page_1' title='image "./caeciliicalacti00caecgoog_0039.png"; bbox 0 0 2666 3910; ppageno 0'>
   <div class='ocr_carea' id='block_1_1' title="bbox 200 163 817 218">
    <p class='ocr_par' dir='ltr' id='par_1_1' title="bbox 200 163 817 218">
     <span class='ocr_line' id='line_1_1' title="bbox 200 163 817 218; baseline -0.005 0"><span class='ocrx_word' id='word_1_1' title='bbox 200 167 316 218; x_wconf 81' lang='lat' dir='ltr'>XXXIV</span> <span class='ocrx_word' id='word_1_2' title='bbox 600 163 817 216; x_wconf 81' lang='lat' dir='ltr'><strong>PROOEMIVM</strong></span> 
     </span>
    </p>
   </div>
   <div class='ocr_carea' id='block_1_2' title="bbox 200 323 1221 1836">
    <p class='ocr_par' dir='ltr' id='par_1_2' title="bbox 200 323 1221 1745">
     <span class='ocr_line' id='line_1_2' title="bbox 201 323 1217 412; baseline -0.003 -19"><span class='ocrx_word' id='word_1_3' title='bbox 201 334 281 409; x_wconf 91' lang='lat' dir='ltr'>quod</span> <span class='ocrx_word' id='word_1_4' title='bbox 309 331 342 390; x_wconf 92' lang='lat' dir='ltr'>in</span> <span class='ocrx_word' id='word_1_5' title='bbox 368 334 447 391; x_wconf 80' lang='lat' dir='ltr'>tanti</span> <span class='ocrx_word' id='word_1_6' title='bbox 474 331 604 390; x_wconf 89' lang='lat' dir='ltr'>ambitus</span> <span class='ocrx_word' id='word_1_7' title='bbox 631 331 807 410; x_wconf 78' lang='lat' dir='ltr'><strong>fragmentis</strong></span> <span class='ocrx_word' id='word_1_8' title='bbox 832 323 929 411; x_wconf 87' lang='lat' dir='ltr'>(uelut</span> <span class='ocrx_word' id='word_1_9' title='bbox 951 331 987 388; x_wconf 86' lang='lat' dir='ltr'>fr.</span> <span class='ocrx_word' id='word_1_10' title='bbox 1008 333 1065 407; x_wconf 83' lang='lat'>85,</span> <span class='ocrx_word' id='word_1_11' title='bbox 1085 333 1140 406; x_wconf 81' lang='lat'>94,</span> <span class='ocrx_word' id='word_1_12' title='bbox 1161 323 1217 412; x_wconf 78' lang='lat'>95)</span> 
     </span>
     <span class='ocr_line' id='line_1_3' title="bbox 201 419 1216 498; baseline 0 -18"><span class='ocrx_word' id='word_1_13' title='bbox 201 439 391 498; x_wconf 88' lang='lat' dir='ltr'>nequaquam</span> <span class='ocrx_word' id='word_1_14' title='bbox 414 423 523 480; x_wconf 89' lang='lat' dir='ltr'>mirum</span> <span class='ocrx_word' id='word_1_15' title='bbox 547 424 601 495; x_wconf 84' lang='lat' dir='ltr'>est,</span> <span class='ocrx_word' id='word_1_16' title='bbox 625 440 669 495; x_wconf 87' lang='lat' dir='ltr'>ea,</span> <span class='ocrx_word' id='word_1_17' title='bbox 693 440 770 496; x_wconf 89' lang='lat' dir='ltr'>quae</span> <span class='ocrx_word' id='word_1_18' title='bbox 794 419 964 480; x_wconf 80' lang='lat' dir='ltr'>Caeciliana</span> <span class='ocrx_word' id='word_1_19' title='bbox 988 421 1067 496; x_wconf 89' lang='lat' dir='ltr'>apud</span> <span class='ocrx_word' id='word_1_20' title='bbox 1090 421 1216 481; x_wconf 89' lang='lat' dir='ltr'>Pseudo·</span> 
     </span>
     <span class='ocr_line' id='line_1_4' title="bbox 200 509 1218 589; baseline -0.002 -19"><span class='ocrx_word' id='word_1_21' title='bbox 200 513 357 589; x_wconf 82' lang='lat' dir='ltr'>longinum</span> <span class='ocrx_word' id='word_1_22' title='bbox 384 511 538 588; x_wconf 80' lang='lat' dir='ltr'>leguntur,</span> <span class='ocrx_word' id='word_1_23' title='bbox 565 511 661 569; x_wconf 90' lang='lat' dir='ltr'>multo</span> <span class='ocrx_word' id='word_1_24' title='bbox 689 512 785 587; x_wconf 81' lang='lat' dir='ltr'>magis</span> <span class='ocrx_word' id='word_1_25' title='bbox 813 509 852 568; x_wconf 92' lang='lat' dir='ltr'>ad</span> <span class='ocrx_word' id='word_1_26' title='bbox 878 512 1036 568; x_wconf 72' lang='lat' dir='ltr'>materiam</span> <span class='ocrx_word' id='word_1_27' title='bbox 1063 529 1152 585; x_wconf 89' lang='lat' dir='ltr'>quam</span> <span class='ocrx_word' id='word_1_28' title='bbox 1180 510 1218 568; x_wconf 87' lang='lat' dir='ltr'>ad</span> 
     </span>
     <span class='ocr_line' id='line_1_5' title="bbox 200 598 1219 675; baseline -0.002 -15"><span class='ocrx_word' id='word_1_29' title='bbox 200 602 328 660; x_wconf 86' lang='lat' dir='ltr'>formam</span> <span class='ocrx_word' id='word_1_30' title='bbox 362 601 519 675; x_wconf 83' lang='lat' dir='ltr'>pertinere.</span> <span class='ocrx_word' id='word_1_31' title='bbox 575 600 654 658; x_wconf 90' lang='lat' dir='ltr'>Nam</span> <span class='ocrx_word' id='word_1_32' title='bbox 689 601 753 658; x_wconf 90' lang='lat' dir='ltr'>sine</span> <span class='ocrx_word' id='word_1_33' title='bbox 786 598 875 657; x_wconf 91' lang='lat' dir='ltr'>dubio</span> <span class='ocrx_word' id='word_1_34' title='bbox 909 617 1074 674; x_wconf 84' lang='lat' dir='ltr'><strong>anonymus</strong></span> <span class='ocrx_word' id='word_1_35' title='bbox 1107 602 1219 674; x_wconf 78' lang='lat' dir='ltr'>auctor,</span> 
     </span>
     <span class='ocr_line' id='line_1_6' title="bbox 201 687 1218 766; baseline -0.001 -18"><span class='ocrx_word' id='word_1_36' title='bbox 201 707 382 766; x_wconf 86' lang='lat' dir='ltr'>quamquam</span> <span class='ocrx_word' id='word_1_37' title='bbox 409 691 571 748; x_wconf 87' lang='lat' dir='ltr'>maximam</span> <span class='ocrx_word' id='word_1_38' title='bbox 598 691 714 764; x_wconf 83' lang='lat' dir='ltr'>partem</span> <span class='ocrx_word' id='word_1_39' title='bbox 743 687 914 747; x_wconf 79' lang='lat' dir='ltr'>Caeciliana</span> <span class='ocrx_word' id='word_1_40' title='bbox 942 688 980 747; x_wconf 90' lang='lat' dir='ltr'>ad</span> <span class='ocrx_word' id='word_1_41' title='bbox 1009 707 1127 748; x_wconf 86' lang='lat' dir='ltr'>sensum</span> <span class='ocrx_word' id='word_1_42' title='bbox 1154 688 1218 747; x_wconf 87' lang='lat' dir='ltr'>red-</span> 
     </span>
     <span class='ocr_line' id='line_1_7' title="bbox 202 776 1218 853; baseline -0.003 -15"><span class='ocrx_word' id='word_1_43' title='bbox 202 779 270 838; x_wconf 91' lang='lat' dir='ltr'>dere</span> <span class='ocrx_word' id='word_1_44' title='bbox 306 799 372 837; x_wconf 89' lang='lat' dir='ltr'>eum</span> <span class='ocrx_word' id='word_1_45' title='bbox 405 780 603 837; x_wconf 83' lang='lat' dir='ltr'>certissimum</span> <span class='ocrx_word' id='word_1_46' title='bbox 641 780 698 852; x_wconf 90' lang='lat' dir='ltr'>est,</span> <span class='ocrx_word' id='word_1_47' title='bbox 732 797 793 836; x_wconf 89' lang='lat' dir='ltr'>non</span> <span class='ocrx_word' id='word_1_48' title='bbox 823 779 890 853; x_wconf 87' lang='lat' dir='ltr'>ipsa</span> <span class='ocrx_word' id='word_1_49' title='bbox 926 778 1009 836; x_wconf 85' lang='lat' dir='ltr'>illius</span> <span class='ocrx_word' id='word_1_50' title='bbox 1045 776 1138 837; x_wconf 88' lang='lat' dir='ltr'>uerba</span> <span class='ocrx_word' id='word_1_51' title='bbox 1174 798 1218 836; x_wconf 89' lang='lat' dir='ltr'>re·</span> 
     </span>
     <span class='ocr_line' id='line_1_8' title="bbox 201 866 1218 944; baseline -0.002 -18"><span class='ocrx_word' id='word_1_52' title='bbox 201 869 291 944; x_wconf 73' lang='lat' dir='ltr'>petit,</span> <span class='ocrx_word' id='word_1_53' title='bbox 323 866 375 926; x_wconf 90' lang='lat' dir='ltr'>sed</span> <span class='ocrx_word' id='word_1_54' title='bbox 407 887 484 942; x_wconf 88' lang='lat' dir='ltr'>quae</span> <span class='ocrx_word' id='word_1_55' title='bbox 513 866 659 926; x_wconf 71' lang='lat' dir='ltr'><strong>Caecilius</strong></span> <span class='ocrx_word' id='word_1_56' title='bbox 690 869 750 926; x_wconf 90' lang='lat' dir='ltr'>suis</span> <span class='ocrx_word' id='word_1_57' title='bbox 777 867 876 926; x_wconf 87' lang='lat' dir='ltr'>uerbis</span> <span class='ocrx_word' id='word_1_58' title='bbox 904 867 1032 941; x_wconf 75' lang='lat' dir='ltr'>dixerat,</span> <span class='ocrx_word' id='word_1_59' title='bbox 1065 867 1126 926; x_wconf 85' lang='lat' dir='ltr'>suis</span> <span class='ocrx_word' id='word_1_60' title='bbox 1153 885 1218 941; x_wconf 90' lang='lat' dir='ltr'>per-</span> 
     </span>
     <span class='ocr_line' id='line_1_9' title="bbox 201 955 1220 1032; baseline -0.002 -16"><span class='ocrx_word' id='word_1_61' title='bbox 201 957 309 1031; x_wconf 85' lang='lat' dir='ltr'>mixta,</span> <span class='ocrx_word' id='word_1_62' title='bbox 333 957 444 1032; x_wconf 85' lang='lat' dir='ltr'>partim</span> <span class='ocrx_word' id='word_1_63' title='bbox 468 959 621 1015; x_wconf 84' lang='lat' dir='ltr'>contracta</span> <span class='ocrx_word' id='word_1_64' title='bbox 648 956 759 1031; x_wconf 86' lang='lat' dir='ltr'>partim</span> <span class='ocrx_word' id='word_1_65' title='bbox 789 959 890 1030; x_wconf 89' lang='lat' dir='ltr'>aucta,</span> <span class='ocrx_word' id='word_1_66' title='bbox 917 958 949 1014; x_wconf 89' lang='lat' dir='ltr'>in</span> <span class='ocrx_word' id='word_1_67' title='bbox 976 955 1127 1015; x_wconf 89' lang='lat' dir='ltr'>nonnullis</span> <span class='ocrx_word' id='word_1_68' title='bbox 1151 975 1220 1015; x_wconf 93' lang='lat' dir='ltr'>con-</span> 
     </span>
     <span class='ocr_line' id='line_1_10' title="bbox 201 1043 1219 1121; baseline -0.003 -15"><span class='ocrx_word' id='word_1_69' title='bbox 201 1047 281 1106; x_wconf 89' lang='lat' dir='ltr'>sulto</span> <span class='ocrx_word' id='word_1_70' title='bbox 318 1049 409 1105; x_wconf 87' lang='lat' dir='ltr'>etiam</span> <span class='ocrx_word' id='word_1_71' title='bbox 444 1045 555 1104; x_wconf 87' lang='lat' dir='ltr'>deflexa</span> <span class='ocrx_word' id='word_1_72' title='bbox 592 1045 700 1120; x_wconf 83' lang='lat' dir='ltr'><strong>prodit.</strong></span> <span class='ocrx_word' id='word_1_73' title='bbox 752 1043 810 1104; x_wconf 90' lang='lat' dir='ltr'>Per</span> <span class='ocrx_word' id='word_1_74' title='bbox 841 1064 873 1104; x_wconf 92' lang='lat' dir='ltr'>se</span> <span class='ocrx_word' id='word_1_75' title='bbox 904 1044 1056 1121; x_wconf 72' lang='lat' dir='ltr'>probabile</span> <span class='ocrx_word' id='word_1_76' title='bbox 1094 1047 1140 1104; x_wconf 89' lang='lat' dir='ltr'>est</span> <span class='ocrx_word' id='word_1_77' title='bbox 1175 1065 1219 1120; x_wconf 79' lang='lat' dir='ltr'>ea,</span> 
     </span>
     <span class='ocr_line' id='line_1_11' title="bbox 202 1134 1219 1212; baseline -0.004 -18"><span class='ocrx_word' id='word_1_78' title='bbox 202 1154 278 1212; x_wconf 89' lang='lat' dir='ltr'>quae</span> <span class='ocrx_word' id='word_1_79' title='bbox 311 1134 348 1193; x_wconf 87' lang='lat' dir='ltr'>ab</span> <span class='ocrx_word' id='word_1_80' title='bbox 380 1137 446 1210; x_wconf 88' lang='lat' dir='ltr'>ipso</span> <span class='ocrx_word' id='word_1_81' title='bbox 480 1134 718 1212; x_wconf 85' lang='lat' dir='ltr'>Pseudolonginc</span> <span class='ocrx_word' id='word_1_82' title='bbox 751 1136 921 1212; x_wconf 84' lang='lat' dir='ltr'>excogitata</span> <span class='ocrx_word' id='word_1_83' title='bbox 952 1137 1035 1208; x_wconf 86' lang='lat' dir='ltr'>sunt,</span> <span class='ocrx_word' id='word_1_84' title='bbox 1068 1153 1129 1192; x_wconf 92' lang='lat' dir='ltr'>non</span> <span class='ocrx_word' id='word_1_85' title='bbox 1160 1135 1219 1192; x_wconf 87' lang='lat' dir='ltr'>nisi</span> 
     </span>
     <span class='ocr_line' id='line_1_12' title="bbox 203 1222 1219 1302; baseline -0.001 -20"><span class='ocrx_word' id='word_1_86' title='bbox 203 1243 270 1283; x_wconf 88' lang='lat' dir='ltr'>raro</span> <span class='ocrx_word' id='word_1_87' title='bbox 290 1225 412 1302; x_wconf 76' lang='lat' dir='ltr'>agnosci</span> <span class='ocrx_word' id='word_1_88' title='bbox 431 1226 462 1282; x_wconf 79' lang='lat' dir='ltr'>ab</span> <span class='ocrx_word' id='word_1_89' title='bbox 480 1243 497 1282; x_wconf 86' lang='lat' dir='ltr'>a</span> <span class='ocrx_word' id='word_1_90' title='bbox 517 1222 693 1282; x_wconf 80' lang='lat' dir='ltr'>Caecilianis</span> <span class='ocrx_word' id='word_1_91' title='bbox 713 1225 826 1284; x_wconf 81' lang='lat' dir='ltr'>secerni</span> <span class='ocrx_word' id='word_1_92' title='bbox 844 1243 937 1298; x_wconf 91' lang='lat' dir='ltr'>posse.</span> <span class='ocrx_word' id='word_1_93' title='bbox 968 1223 1121 1282; x_wconf 83' lang='lat' dir='ltr'>Nonnulla</span> <span class='ocrx_word' id='word_1_94' title='bbox 1140 1241 1219 1296; x_wconf 89' lang='lat' dir='ltr'>uero,</span> 
     </span>
     <span class='ocr_line' id='line_1_13' title="bbox 203 1312 1219 1389; baseline -0.002 -17"><span class='ocrx_word' id='word_1_95' title='bbox 203 1333 278 1389; x_wconf 89' lang='lat' dir='ltr'>quae</span> <span class='ocrx_word' id='word_1_96' title='bbox 308 1316 463 1388; x_wconf 87' lang='lat' dir='ltr'>tamqnam</span> <span class='ocrx_word' id='word_1_97' title='bbox 493 1333 512 1372; x_wconf 91' lang='lat' dir='ltr'>a</span> <span class='ocrx_word' id='word_1_98' title='bbox 539 1312 777 1389; x_wconf 85' lang='lat' dir='ltr'>Pseudolongino</span> <span class='ocrx_word' id='word_1_99' title='bbox 805 1315 870 1388; x_wconf 90' lang='lat' dir='ltr'>ipso</span> <span class='ocrx_word' id='word_1_100' title='bbox 899 1314 1023 1370; x_wconf 88' lang='lat' dir='ltr'>inuenta</span> <span class='ocrx_word' id='word_1_101' title='bbox 1053 1313 1141 1372; x_wconf 84' lang='lat' dir='ltr'>facile</span> <span class='ocrx_word' id='word_1_102' title='bbox 1171 1331 1219 1370; x_wconf 90' lang='lat' dir='ltr'>cc-</span> 
     </span>
     <span class='ocr_line' id='line_1_14' title="bbox 203 1401 1220 1481; baseline -0.003 -20"><span class='ocrx_word' id='word_1_103' title='bbox 203 1404 306 1481; x_wconf 84' lang='lat' dir='ltr'>gnosci</span> <span class='ocrx_word' id='word_1_104' title='bbox 335 1405 474 1478; x_wconf 88' lang='lat' dir='ltr'>possunt,</span> <span class='ocrx_word' id='word_1_105' title='bbox 503 1421 535 1460; x_wconf 92' lang='lat' dir='ltr'>re</span> <span class='ocrx_word' id='word_1_106' title='bbox 563 1421 635 1460; x_wconf 90' lang='lat' dir='ltr'>uera</span> <span class='ocrx_word' id='word_1_107' title='bbox 663 1405 788 1461; x_wconf 84' lang='lat' dir='ltr'>exstant.</span> <span class='ocrx_word' id='word_1_108' title='bbox 836 1401 909 1461; x_wconf 74' lang='lat' dir='ltr'>(lum</span> <span class='ocrx_word' id='word_1_109' title='bbox 937 1401 1057 1459; x_wconf 91' lang='lat' dir='ltr'>diuersa</span> <span class='ocrx_word' id='word_1_110' title='bbox 1079 1405 1220 1476; x_wconf 80' lang='lat' dir='ltr'>typorum</span> 
     </span>
     <span class='ocr_line' id='line_1_15' title="bbox 202 1489 1221 1570; baseline -0.003 -19"><span class='ocrx_word' id='word_1_111' title='bbox 202 1511 312 1570; x_wconf 83' lang='lat' dir='ltr'>genera</span> <span class='ocrx_word' id='word_1_112' title='bbox 336 1491 533 1568; x_wconf 85' lang='lat' dir='ltr'>adhibuerim,</span> <span class='ocrx_word' id='word_1_113' title='bbox 556 1494 593 1550; x_wconf 87' lang='lat' dir='ltr'>ut</span> <span class='ocrx_word' id='word_1_114' title='bbox 616 1493 715 1566; x_wconf 89' lang='lat' dir='ltr'>quinis</span> <span class='ocrx_word' id='word_1_115' title='bbox 739 1489 910 1550; x_wconf 77' lang='lat' dir='ltr'>Caeciliana</span> <span class='ocrx_word' id='word_1_116' title='bbox 933 1493 964 1548; x_wconf 92' lang='lat' dir='ltr'>et</span> <span class='ocrx_word' id='word_1_117' title='bbox 986 1490 1221 1568; x_wconf 83' lang='lat' dir='ltr'>Pseudolongini</span> 
     </span>
     <span class='ocr_line' id='line_1_16' title="bbox 203 1580 1219 1658; baseline -0.003 -18"><span class='ocrx_word' id='word_1_118' title='bbox 203 1581 325 1658; x_wconf 88' lang='lat' dir='ltr'>propria</span> <span class='ocrx_word' id='word_1_119' title='bbox 349 1582 437 1639; x_wconf 87' lang='lat' dir='ltr'>facile</span> <span class='ocrx_word' id='word_1_120' title='bbox 459 1580 622 1656; x_wconf 86' lang='lat' dir='ltr'>discernat,</span> <span class='ocrx_word' id='word_1_121' title='bbox 645 1581 764 1657; x_wconf 87' lang='lat' dir='ltr'>singula</span> <span class='ocrx_word' id='word_1_122' title='bbox 787 1582 916 1638; x_wconf 83' lang='lat' dir='ltr'>tractare</span> <span class='ocrx_word' id='word_1_123' title='bbox 939 1581 1138 1638; x_wconf 87' lang='lat' dir='ltr'>necessarium</span> <span class='ocrx_word' id='word_1_124' title='bbox 1160 1599 1219 1637; x_wconf 92' lang='lat' dir='ltr'>non</span> 
     </span>
     <span class='ocr_line' id='line_1_17' title="bbox 203 1672 403 1745; baseline 0 -17"><span class='ocrx_word' id='word_1_125' title='bbox 203 1689 266 1730; x_wconf 90' lang='lat' dir='ltr'>esse</span> <span class='ocrx_word' id='word_1_126' title='bbox 288 1672 403 1745; x_wconf 90' lang='lat' dir='ltr'>putaui.</span> 
     </span>
    </p>

    <p class='ocr_par' dir='ltr' id='par_1_3' title="bbox 270 1758 1218 1836">
     <span class='ocr_line' id='line_1_18' title="bbox 270 1758 1218 1836; baseline 0 -20"><span class='ocrx_word' id='word_1_127' title='bbox 270 1758 305 1816; x_wconf 89' lang='lat' dir='ltr'>In</span> <span class='ocrx_word' id='word_1_128' title='bbox 327 1760 383 1817; x_wconf 88' lang='lat' dir='ltr'>hac</span> <span class='ocrx_word' id='word_1_129' title='bbox 406 1761 491 1833; x_wconf 84' lang='lat' dir='ltr'>parte</span> <span class='ocrx_word' id='word_1_130' title='bbox 515 1759 699 1818; x_wconf 82' lang='lat' dir='ltr'>collectionis</span> <span class='ocrx_word' id='word_1_131' title='bbox 722 1778 806 1818; x_wconf 87' lang='lat' dir='ltr'>meae</span> <span class='ocrx_word' id='word_1_132' title='bbox 829 1759 918 1836; x_wconf 79' lang='lat' dir='ltr'>longe</span> <span class='ocrx_word' id='word_1_133' title='bbox 941 1759 1104 1834; x_wconf 87' lang='lat' dir='ltr'>plurimum</span> <span class='ocrx_word' id='word_1_134' title='bbox 1127 1758 1218 1816; x_wconf 85' lang='lat' dir='ltr'>Roth-</span> 
     </span>
    </p>
   </div>
   <div class='ocr_carea' id='block_1_3' title="bbox 204 1847 1326 1922">
    <p class='ocr_par' dir='ltr' id='par_1_4' title="bbox 204 1847 1326 1922">
     <span class='ocr_line' id='line_1_19' title="bbox 204 1847 1326 1922; baseline -0.007 -15"><span class='ocrx_word' id='word_1_135' title='bbox 204 1847 304 1907; x_wconf 89' lang='lat' dir='ltr'>steinii</span> <span class='ocrx_word' id='word_1_136' title='bbox 332 1847 555 1922; x_wconf 89' lang='lat' dir='ltr'>quaestionibus</span> <span class='ocrx_word' id='word_1_137' title='bbox 579 1848 679 1906; x_wconf 91' lang='lat' dir='ltr'>debeo.</span> <span class='ocrx_word' id='word_1_138' title='bbox 726 1847 784 1906; x_wconf 83' lang='lat' dir='ltr'>Sed</span> <span class='ocrx_word' id='word_1_139' title='bbox 807 1867 844 1906; x_wconf 92' lang='lat' dir='ltr'>ne</span> <span class='ocrx_word' id='word_1_140' title='bbox 866 1849 962 1907; x_wconf 84' lang='lat' dir='ltr'>fusior</span> <span class='ocrx_word' id='word_1_141' title='bbox 984 1867 1091 1922; x_wconf 90' lang='lat' dir='ltr'>essem,</span> <span class='ocrx_word' id='word_1_142' title='bbox 1120 1849 1153 1904; x_wconf 91' lang='lat' dir='ltr'>in</span> <span class='ocrx_word' id='word_1_143' title='bbox 1176 1866 1220 1905; x_wconf 90' lang='lat' dir='ltr'>se·</span> <span class='ocrx_word' id='word_1_144' title='bbox 1325 1871 1326 1899; x_wconf 82' lang='lat' dir='ltr'>l</span> 
     </span>
    </p>
   </div>
   <div class='ocr_carea' id='block_1_4' title="bbox 204 1936 1221 2013">
    <p class='ocr_par' dir='ltr' id='par_1_5' title="bbox 204 1936 1221 2013">
     <span class='ocr_line' id='line_1_20' title="bbox 204 1936 1221 2013; baseline -0.002 -18"><span class='ocrx_word' id='word_1_145' title='bbox 204 1936 362 2012; x_wconf 90' lang='lat' dir='ltr'>quentibus</span> <span class='ocrx_word' id='word_1_146' title='bbox 393 1956 441 2011; x_wconf 88' lang='lat' dir='ltr'>ea,</span> <span class='ocrx_word' id='word_1_147' title='bbox 471 1957 547 2013; x_wconf 87' lang='lat' dir='ltr'>quae</span> <span class='ocrx_word' id='word_1_148' title='bbox 575 1937 780 1996; x_wconf 86' lang='lat' dir='ltr'>Rotbsteinius</span> <span class='ocrx_word' id='word_1_149' title='bbox 810 1936 925 2013; x_wconf 87' lang='lat' dir='ltr'>edocet,</span> <span class='ocrx_word' id='word_1_150' title='bbox 956 1938 1044 2013; x_wconf 88' lang='lat' dir='ltr'>plane</span> <span class='ocrx_word' id='word_1_151' title='bbox 1074 1937 1160 1996; x_wconf 87' lang='lat' dir='ltr'>omisi</span> <span class='ocrx_word' id='word_1_152' title='bbox 1191 1938 1221 1994; x_wconf 90' lang='lat' dir='ltr'>et</span> 
     </span>
    </p>
   </div>
   <div class='ocr_carea' id='block_1_5' title="bbox 86 2025 1220 2103">
    <p class='ocr_par' dir='ltr' id='par_1_6' title="bbox 86 2025 1220 2103">
     <span class='ocr_line' id='line_1_21' title="bbox 86 2025 1220 2103; baseline -0.001 -18"><span class='ocrx_word' id='word_1_153' title='bbox 86 2033 88 2038; x_wconf 82' lang='grc'>’</span> <span class='ocrx_word' id='word_1_154' title='bbox 203 2026 276 2085; x_wconf 89' lang='lat' dir='ltr'>haec</span> <span class='ocrx_word' id='word_1_155' title='bbox 294 2030 413 2085; x_wconf 85' lang='lat' dir='ltr'>tantum</span> <span class='ocrx_word' id='word_1_156' title='bbox 432 2026 553 2084; x_wconf 87' lang='lat' dir='ltr'>addam:</span> <span class='ocrx_word' id='word_1_157' title='bbox 571 2025 844 2103; x_wconf 85' lang='lat' dir='ltr'>Pseudolonginum</span> <span class='ocrx_word' id='word_1_158' title='bbox 858 2026 889 2083; x_wconf 87' lang='lat' dir='ltr'>in</span> <span class='ocrx_word' id='word_1_159' title='bbox 903 2027 1077 2084; x_wconf 89' lang='lat' dir='ltr'>uniuersum</span> <span class='ocrx_word' id='word_1_160' title='bbox 1091 2025 1220 2084; x_wconf 75' lang='lat' dir='ltr'>Caecilio</span> 
     </span>
    </p>
   </div>
   <div class='ocr_carea' id='block_1_6' title="bbox 204 2107 1220 2283">
    <p class='ocr_par' dir='ltr' id='par_1_7' title="bbox 204 2107 1220 2283">
     <span class='ocr_line' id='line_1_22' title="bbox 204 2107 1220 2195; baseline -0.002 -21"><span class='ocrx_word' id='word_1_161' title='bbox 204 2117 335 2190; x_wconf 89' lang='lat' dir='ltr'>plurima</span> <span class='ocrx_word' id='word_1_162' title='bbox 359 2115 464 2174; x_wconf 90' lang='lat' dir='ltr'>debere</span> <span class='ocrx_word' id='word_1_163' title='bbox 488 2115 625 2174; x_wconf 87' lang='lat' dir='ltr'>omnibus</span> <span class='ocrx_word' id='word_1_164' title='bbox 648 2119 753 2174; x_wconf 90' lang='lat' dir='ltr'>notum</span> <span class='ocrx_word' id='word_1_165' title='bbox 776 2115 989 2191; x_wconf 79' lang='lat' dir='ltr'>abprobatum</span> <span class='ocrx_word' id='word_1_166' title='bbox 1012 2107 1097 2195; x_wconf 85' lang='lat' dir='ltr'>est¹).</span> <span class='ocrx_word' id='word_1_167' title='bbox 1144 2113 1220 2173; x_wconf 77' lang='lat' dir='ltr'>Gon-</span> 
     </span>
     <span class='ocr_line' id='line_1_23' title="bbox 204 2203 1220 2283; baseline -0.001 -20"><span class='ocrx_word' id='word_1_168' title='bbox 204 2207 266 2264; x_wconf 84' lang='lat' dir='ltr'>stat</span> <span class='ocrx_word' id='word_1_169' title='bbox 293 2206 372 2262; x_wconf 90' lang='lat' dir='ltr'>enim</span> <span class='ocrx_word' id='word_1_170' title='bbox 400 2205 431 2262; x_wconf 91' lang='lat' dir='ltr'>in</span> <span class='ocrx_word' id='word_1_171' title='bbox 458 2205 540 2264; x_wconf 80' lang='lat' dir='ltr'>illius</span> <span class='ocrx_word' id='word_1_172' title='bbox 568 2205 671 2263; x_wconf 89' lang='lat' dir='ltr'>libello</span> <span class='ocrx_word' id='word_1_173' title='bbox 701 2207 830 2283; x_wconf 81' lang='lat' dir='ltr'>uestigia</span> <span class='ocrx_word' id='word_1_174' title='bbox 855 2204 1041 2263; x_wconf 78' lang='lat' dir='ltr'>Caecilianae</span> <span class='ocrx_word' id='word_1_175' title='bbox 1069 2203 1220 2262; x_wconf 86' lang='lat' dir='ltr'>doctrinae</span> 
     </span>
    </p>
   </div>
   <div class='ocr_carea' id='block_1_7' title="bbox 205 2293 1325 2370">
    <p class='ocr_par' dir='ltr' id='par_1_8' title="bbox 205 2293 1325 2370">
     <span class='ocr_line' id='line_1_24' title="bbox 205 2293 1325 2370; baseline -0.004 -18"><span class='ocrx_word' id='word_1_176' title='bbox 205 2295 297 2352; x_wconf 89' lang='lat' dir='ltr'>etiam</span> <span class='ocrx_word' id='word_1_177' title='bbox 328 2293 416 2353; x_wconf 91' lang='lat' dir='ltr'>huius</span> <span class='ocrx_word' id='word_1_178' title='bbox 448 2294 576 2354; x_wconf 88' lang='lat' dir='ltr'>rhetoris</span> <span class='ocrx_word' id='word_1_179' title='bbox 608 2297 727 2353; x_wconf 90' lang='lat' dir='ltr'>nomine</span> <span class='ocrx_word' id='word_1_180' title='bbox 759 2314 820 2353; x_wconf 89' lang='lat' dir='ltr'>non</span> <span class='ocrx_word' id='word_1_181' title='bbox 847 2294 985 2370; x_wconf 89' lang='lat' dir='ltr'>praedita</span> <span class='ocrx_word' id='word_1_182' title='bbox 1012 2293 1221 2367; x_wconf 87' lang='lat' dir='ltr'>comprehendi</span> <span class='ocrx_word' id='word_1_183' title='bbox 1324 2321 1325 2330; x_wconf 56' lang='lat'>2</span> 
     </span>
    </p>
   </div>
   <div class='ocr_carea' id='block_1_8' title="bbox 203 2379 1223 3172">
    <p class='ocr_par' dir='ltr' id='par_1_9' title="bbox 203 2379 1223 3172">
     <span class='ocr_line' id='line_1_25' title="bbox 204 2379 1220 2462; baseline -0.001 -21"><span class='ocrx_word' id='word_1_184' title='bbox 204 2401 297 2459; x_wconf 89' lang='lat' dir='ltr'>posse.</span> <span class='ocrx_word' id='word_1_185' title='bbox 335 2382 439 2457; x_wconf 87' lang='lat' dir='ltr'>Neque</span> <span class='ocrx_word' id='word_1_186' title='bbox 459 2385 537 2442; x_wconf 88' lang='lat' dir='ltr'>enim</span> <span class='ocrx_word' id='word_1_187' title='bbox 556 2402 630 2459; x_wconf 88' lang='lat' dir='ltr'>opus</span> <span class='ocrx_word' id='word_1_188' title='bbox 649 2387 714 2442; x_wconf 86' lang='lat' dir='ltr'>erat</span> <span class='ocrx_word' id='word_1_189' title='bbox 737 2403 755 2442; x_wconf 91' lang='lat' dir='ltr'>a</span> <span class='ocrx_word' id='word_1_190' title='bbox 777 2384 874 2442; x_wconf 90' lang='lat' dir='ltr'>libelli</span> <span class='ocrx_word' id='word_1_191' title='bbox 895 2379 962 2462; x_wconf 76' lang='grc' dir='ltr'>περὶ</span> <span class='ocrx_word' id='word_1_192' title='bbox 980 2380 1081 2458; x_wconf 74' lang='grc' dir='ltr'><em>ὕψους</em></span> <span class='ocrx_word' id='word_1_193' title='bbox 1099 2384 1220 2440; x_wconf 85' lang='lat' dir='ltr'>auctore</span> 
     </span>
     <span class='ocr_line' id='line_1_26' title="bbox 205 2469 1221 2548; baseline -0.001 -19"><span class='ocrx_word' id='word_1_194' title='bbox 205 2469 366 2530; x_wconf 82' lang='lat' dir='ltr'>Caecilium</span> <span class='ocrx_word' id='word_1_195' title='bbox 385 2470 494 2531; x_wconf 84' lang='lat' dir='ltr'>diserte</span> <span class='ocrx_word' id='word_1_196' title='bbox 513 2472 667 2548; x_wconf 88' lang='lat' dir='ltr'>appellari.</span> <span class='ocrx_word' id='word_1_197' title='bbox 700 2473 779 2531; x_wconf 90' lang='lat' dir='ltr'>Nam</span> <span class='ocrx_word' id='word_1_198' title='bbox 798 2492 865 2531; x_wconf 88' lang='lat' dir='ltr'>cnm</span> <span class='ocrx_word' id='word_1_199' title='bbox 881 2471 1138 2548; x_wconf 84' lang='lat' dir='ltr'>Pseudolonginus</span> <span class='ocrx_word' id='word_1_200' title='bbox 1155 2472 1221 2546; x_wconf 89' lang='lat' dir='ltr'>ipse</span> 
     </span>
     <span class='ocr_line' id='line_1_27' title="bbox 203 2554 1220 2636; baseline 0 -18"><span class='ocrx_word' id='word_1_201' title='bbox 203 2562 355 2635; x_wconf 89' lang='lat' dir='ltr'>prooemio</span> <span class='ocrx_word' id='word_1_202' title='bbox 378 2561 476 2619; x_wconf 90' lang='lat' dir='ltr'>lucide</span> <span class='ocrx_word' id='word_1_203' title='bbox 495 2561 576 2620; x_wconf 90' lang='lat' dir='ltr'>dicat</span> <span class='ocrx_word' id='word_1_204' title='bbox 598 2579 629 2619; x_wconf 89' lang='lat' dir='ltr'>se</span> <span class='ocrx_word' id='word_1_205' title='bbox 653 2561 692 2620; x_wconf 89' lang='lat' dir='ltr'>ad</span> <span class='ocrx_word' id='word_1_206' title='bbox 714 2562 907 2621; x_wconf 82' lang='lat' dir='ltr'>coelectores</span> <span class='ocrx_word' id='word_1_207' title='bbox 927 2562 1070 2635; x_wconf 89' lang='lat' dir='ltr'>conuerti,</span> <span class='ocrx_word' id='word_1_208' title='bbox 1093 2562 1146 2636; x_wconf 92' lang='lat' dir='ltr'>qui</span> <span class='ocrx_word' id='word_1_209' title='bbox 1164 2554 1220 2618; x_wconf 71' lang='lat' dir='ltr'>‘re-</span> 
     </span>
     <span class='ocr_line' id='line_1_28' title="bbox 205 2646 1222 2725; baseline 0 -17"><span class='ocrx_word' id='word_1_210' title='bbox 205 2652 303 2708; x_wconf 90' lang='lat' dir='ltr'>centes</span> <span class='ocrx_word' id='word_1_211' title='bbox 322 2651 383 2709; x_wconf 85' lang='lat' dir='ltr'>sint</span> <span class='ocrx_word' id='word_1_212' title='bbox 402 2669 419 2707; x_wconf 89' lang='lat' dir='ltr'>a</span> <span class='ocrx_word' id='word_1_213' title='bbox 439 2647 601 2710; x_wconf 77' lang='lat' dir='ltr'>Caeciliani</span> <span class='ocrx_word' id='word_1_214' title='bbox 618 2649 689 2708; x_wconf 89' lang='lat' dir='ltr'>libri</span> <span class='ocrx_word' id='word_1_215' title='bbox 707 2646 855 2725; x_wconf 90' lang='lat' dir='ltr'>lectione&#39;,</span> <span class='ocrx_word' id='word_1_216' title='bbox 879 2651 948 2708; x_wconf 91' lang='lat' dir='ltr'>inde</span> <span class='ocrx_word' id='word_1_217' title='bbox 968 2651 1093 2724; x_wconf 90' lang='lat' dir='ltr'>apparet</span> <span class='ocrx_word' id='word_1_218' title='bbox 1110 2650 1222 2708; x_wconf 90' lang='lat' dir='ltr'>librum</span> 
     </span>
     <span class='ocr_line' id='line_1_29' title="bbox 204 2738 1221 2815; baseline 0.001 -20"><span class='ocrx_word' id='word_1_219' title='bbox 204 2738 241 2798; x_wconf 87' lang='lat' dir='ltr'>iis</span> <span class='ocrx_word' id='word_1_220' title='bbox 270 2739 452 2796; x_wconf 86' lang='lat' dir='ltr'>destinatum</span> <span class='ocrx_word' id='word_1_221' title='bbox 479 2757 555 2813; x_wconf 90' lang='lat' dir='ltr'>esse,</span> <span class='ocrx_word' id='word_1_222' title='bbox 583 2741 636 2814; x_wconf 93' lang='lat' dir='ltr'>qui</span> <span class='ocrx_word' id='word_1_223' title='bbox 664 2759 712 2814; x_wconf 91' lang='lat' dir='ltr'>ea,</span> <span class='ocrx_word' id='word_1_224' title='bbox 739 2759 816 2815; x_wconf 88' lang='lat' dir='ltr'>quae</span> <span class='ocrx_word' id='word_1_225' title='bbox 843 2740 980 2798; x_wconf 90' lang='lat' dir='ltr'>inimicus</span> <span class='ocrx_word' id='word_1_226' title='bbox 1004 2739 1138 2812; x_wconf 85' lang='lat' dir='ltr'>dixisset,</span> <span class='ocrx_word' id='word_1_227' title='bbox 1160 2757 1221 2797; x_wconf 91' lang='lat' dir='ltr'>non</span> 
     </span>
     <span class='ocr_line' id='line_1_30' title="bbox 204 2825 1221 2905; baseline 0.002 -21"><span class='ocrx_word' id='word_1_228' title='bbox 204 2828 389 2905; x_wconf 71' lang='lat' dir='ltr'>ignorarent,</span> <span class='ocrx_word' id='word_1_229' title='bbox 419 2829 521 2901; x_wconf 89' lang='lat' dir='ltr'>itaque</span> <span class='ocrx_word' id='word_1_230' title='bbox 549 2829 653 2903; x_wconf 90' lang='lat' dir='ltr'>procul</span> <span class='ocrx_word' id='word_1_231' title='bbox 681 2829 771 2887; x_wconf 92' lang='lat' dir='ltr'>dubio</span> <span class='ocrx_word' id='word_1_232' title='bbox 799 2829 891 2887; x_wconf 85' lang='lat' dir='ltr'>etiem</span> <span class='ocrx_word' id='word_1_233' title='bbox 917 2829 1009 2887; x_wconf 86' lang='lat' dir='ltr'>tacite</span> <span class='ocrx_word' id='word_1_234' title='bbox 1037 2827 1076 2885; x_wconf 88' lang='lat' dir='ltr'>ad</span> <span class='ocrx_word' id='word_1_235' title='bbox 1099 2825 1221 2886; x_wconf 81' lang='lat' dir='ltr'>Caecilii</span> 
     </span>
     <span class='ocr_line' id='line_1_31' title="bbox 205 2916 1223 2994; baseline 0 -20"><span class='ocrx_word' id='word_1_236' title='bbox 205 2916 315 2974; x_wconf 88' lang='lat' dir='ltr'>librum</span> <span class='ocrx_word' id='word_1_237' title='bbox 339 2917 402 2975; x_wconf 92' lang='lat' dir='ltr'>siue</span> <span class='ocrx_word' id='word_1_238' title='bbox 424 2917 503 2975; x_wconf 92' lang='lat' dir='ltr'>hunc</span> <span class='ocrx_word' id='word_1_239' title='bbox 524 2919 704 2994; x_wconf 84' lang='lat' dir='ltr'>impugnans</span> <span class='ocrx_word' id='word_1_240' title='bbox 726 2920 789 2976; x_wconf 88' lang='lat' dir='ltr'>slue</span> <span class='ocrx_word' id='word_1_241' title='bbox 808 2917 896 2976; x_wconf 89' lang='lat' dir='ltr'>huius</span> <span class='ocrx_word' id='word_1_242' title='bbox 915 2919 1027 2976; x_wconf 86' lang='lat' dir='ltr'>iudicia</span> <span class='ocrx_word' id='word_1_243' title='bbox 1045 2916 1223 2992; x_wconf 85' lang='lat' dir='ltr'>simpliciter</span> 
     </span>
     <span class='ocr_line' id='line_1_32' title="bbox 205 3005 1221 3083; baseline 0.003 -21"><span class='ocrx_word' id='word_1_244' title='bbox 205 3005 351 3080; x_wconf 91' lang='lat' dir='ltr'>recipiens</span> <span class='ocrx_word' id='word_1_245' title='bbox 384 3005 447 3064; x_wconf 88' lang='lat' dir='ltr'>sine</span> <span class='ocrx_word' id='word_1_246' title='bbox 475 3008 607 3065; x_wconf 84' lang='lat' dir='ltr'>currenti</span> <span class='ocrx_word' id='word_1_247' title='bbox 638 3006 709 3064; x_wconf 89' lang='lat' dir='ltr'>stilo</span> <span class='ocrx_word' id='word_1_248' title='bbox 737 3008 800 3066; x_wconf 91' lang='lat' dir='ltr'>eius</span> <span class='ocrx_word' id='word_1_249' title='bbox 828 3007 919 3066; x_wconf 90' lang='lat' dir='ltr'>uerba</span> <span class='ocrx_word' id='word_1_250' title='bbox 946 3008 1149 3083; x_wconf 86' lang='lat' dir='ltr'>perstringens</span> <span class='ocrx_word' id='word_1_251' title='bbox 1176 3025 1221 3065; x_wconf 87' lang='lat' dir='ltr'>re·</span> 
     </span>
     <span class='ocr_line' id='line_1_33' title="bbox 205 3093 1222 3172; baseline -0.001 -19"><span class='ocrx_word' id='word_1_252' title='bbox 205 3097 315 3170; x_wconf 84' lang='lat' dir='ltr'>spexit:</span> <span class='ocrx_word' id='word_1_253' title='bbox 348 3113 463 3169; x_wconf 88' lang='lat' dir='ltr'>semper</span> <span class='ocrx_word' id='word_1_254' title='bbox 490 3093 731 3172; x_wconf 84' lang='lat' dir='ltr'>Pseudolongino</span> <span class='ocrx_word' id='word_1_255' title='bbox 761 3099 791 3154; x_wconf 83' lang='lat' dir='ltr'>el</span> <span class='ocrx_word' id='word_1_256' title='bbox 818 3097 882 3156; x_wconf 87' lang='lat' dir='ltr'>eius</span> <span class='ocrx_word' id='word_1_257' title='bbox 910 3095 1070 3156; x_wconf 87' lang='lat' dir='ltr'>lectoribus</span> <span class='ocrx_word' id='word_1_258' title='bbox 1099 3094 1222 3154; x_wconf 79' lang='lat' dir='ltr'>Caecilii</span> 
     </span>
    </p>
   </div>
   <div class='ocr_carea' id='block_1_9' title="bbox 206 3331 1323 3618">
    <p class='ocr_par' dir='ltr' id='par_1_10' title="bbox 279 3331 1323 3406">
     <span class='ocr_line' id='line_1_34' title="bbox 279 3331 1323 3406; baseline 0.001 -19"><span class='ocrx_word' id='word_1_259' title='bbox 279 3338 304 3405; x_wconf 93' lang='lat'>1)</span> <span class='ocrx_word' id='word_1_260' title='bbox 323 3335 437 3388; x_wconf 88' lang='lat' dir='ltr'>Praeter</span> <span class='ocrx_word' id='word_1_261' title='bbox 450 3333 526 3387; x_wconf 86' lang='lat' dir='ltr'>uiros</span> <span class='ocrx_word' id='word_1_262' title='bbox 537 3335 573 3387; x_wconf 90' lang='lat' dir='ltr'>ad</span> <span class='ocrx_word' id='word_1_263' title='bbox 588 3334 700 3402; x_wconf 85' lang='lat' dir='ltr'>singula</span> <span class='ocrx_word' id='word_1_264' title='bbox 710 3335 869 3406; x_wconf 82' lang='lat' dir='ltr'>fragmenta</span> <span class='ocrx_word' id='word_1_265' title='bbox 879 3336 1010 3390; x_wconf 87' lang='lat' dir='ltr'>laudatos</span> <span class='ocrx_word' id='word_1_266' title='bbox 1029 3335 1063 3389; x_wconf 84' lang='lat' dir='ltr'>cf.</span> <span class='ocrx_word' id='word_1_267' title='bbox 1074 3334 1121 3389; x_wconf 89' lang='lat' dir='ltr'>Ivo</span> <span class='ocrx_word' id='word_1_268' title='bbox 1131 3335 1221 3388; x_wconf 87' lang='lat' dir='ltr'>Bruns</span> <span class='ocrx_word' id='word_1_269' title='bbox 1322 3331 1323 3338; x_wconf 71' lang='grc'>’</span> 
     </span>
    </p>

    <p class='ocr_par' dir='ltr' id='par_1_11' title="bbox 207 3407 1221 3478">
     <span class='ocr_line' id='line_1_35' title="bbox 207 3407 1221 3478; baseline 0.001 -19"><span class='ocrx_word' id='word_1_270' title='bbox 207 3407 250 3460; x_wconf 82' lang='lat' dir='ltr'>die</span> <span class='ocrx_word' id='word_1_271' title='bbox 280 3407 473 3460; x_wconf 63' lang='lat' dir='ltr'>attictsbscbec</span> <span class='ocrx_word' id='word_1_272' title='bbox 504 3407 696 3478; x_wconf 79' lang='lat' dir='ltr'>beslrebrmpcn</span> <span class='ocrx_word' id='word_1_273' title='bbox 723 3409 754 3461; x_wconf 78' lang='lat' dir='ltr'>io</span> <span class='ocrx_word' id='word_1_274' title='bbox 779 3408 827 3461; x_wconf 75' lang='lat' dir='ltr'>der</span> <span class='ocrx_word' id='word_1_275' title='bbox 854 3410 951 3478; x_wconf 77' lang='lat' dir='ltr'>priccb.</span> <span class='ocrx_word' id='word_1_276' title='bbox 979 3408 1113 3462; x_wconf 77' lang='lat' dir='ltr'>litaretur.</span> <span class='ocrx_word' id='word_1_277' title='bbox 1152 3411 1221 3460; x_wconf 87' lang='grc'>1896</span> 
     </span>
    </p>

    <p class='ocr_par' dir='ltr' id='par_1_12' title="bbox 206 3475 1221 3618">
     <span class='ocr_line' id='line_1_36' title="bbox 206 3475 1221 3548; baseline 0 -18"><span class='ocrx_word' id='word_1_278' title='bbox 206 3497 232 3542; x_wconf 84' lang='lat' dir='ltr'>p.</span> <span class='ocrx_word' id='word_1_279' title='bbox 256 3484 300 3544; x_wconf 75' lang='lat'>173</span> <span class='ocrx_word' id='word_1_280' title='bbox 328 3477 477 3531; x_wconf 82' lang='lat' dir='ltr'>Eduardue</span> <span class='ocrx_word' id='word_1_281' title='bbox 501 3475 614 3530; x_wconf 89' lang='lat' dir='ltr'>Norden</span> <span class='ocrx_word' id='word_1_282' title='bbox 638 3479 682 3531; x_wconf 76' lang='lat' dir='ltr'>die</span> <span class='ocrx_word' id='word_1_283' title='bbox 707 3479 799 3532; x_wconf 77' lang='lat' dir='ltr'>actile</span> <span class='ocrx_word' id='word_1_284' title='bbox 821 3480 994 3548; x_wconf 65' lang='lat' dir='ltr'>kundprosa.</span> <span class='ocrx_word' id='word_1_285' title='bbox 1029 3483 1097 3533; x_wconf 84' lang='grc'><strong>1898</strong></span> <span class='ocrx_word' id='word_1_286' title='bbox 1130 3496 1157 3547; x_wconf 87' lang='lat' dir='ltr'>p.</span> <span class='ocrx_word' id='word_1_287' title='bbox 1173 3483 1221 3544; x_wconf 80' lang='grc' dir='ltr'>8ος</span> 
     </span>
     <span class='ocr_line' id='line_1_37' title="bbox 228 3547 1062 3618; baseline 0 -16"><span class='ocrx_word' id='word_1_288' title='bbox 228 3550 230 3555; x_wconf 83' lang='grc'><strong>’</strong></span> <span class='ocrx_word' id='word_1_289' title='bbox 255 3550 289 3602; x_wconf 88' lang='lat' dir='ltr'>de</span> <span class='ocrx_word' id='word_1_290' title='bbox 305 3548 494 3602; x_wconf 81' lang='lat' dir='ltr'>Wilamowitn</span> <span class='ocrx_word' id='word_1_291' title='bbox 513 3547 543 3600; x_wconf 92' lang='lat' dir='ltr'>in</span> <span class='ocrx_word' id='word_1_292' title='bbox 562 3548 662 3602; x_wconf 73' lang='lat' dir='ltr'>Sirena</span> <span class='ocrx_word' id='word_1_293' title='bbox 681 3549 853 3618; x_wconf 80' lang='lat' dir='ltr'>Helbigiana</span> <span class='ocrx_word' id='word_1_294' title='bbox 873 3556 942 3604; x_wconf 84' lang='lat'>1900</span> <span class='ocrx_word' id='word_1_295' title='bbox 960 3569 987 3618; x_wconf 88' lang='lat' dir='ltr'>p.</span> <span class='ocrx_word' id='word_1_296' title='bbox 1004 3555 1062 3602; x_wconf 84' lang='lat'>334.</span> 
     </span>
    </p>
   </div>
   <div class='ocr_carea' id='block_1_10' title="bbox 0 0 1344 3910">
    <p class='ocr_par' dir='ltr' id='par_1_13' title="bbox 0 0 1344 3910">
     <span class='ocr_line' id='line_1_38' title="bbox 0 0 1344 3910; baseline 0 0"><span class='ocrx_word' id='word_1_297' title='bbox 0 0 1344 3910; x_wconf 95' lang='lat' dir='ltr'> </span> 
     </span>
    </p>
   </div>
  </div>
 </body>
</html>
