2670 3908
191 211 256 276 140
327 215 388 266 XII.
407 215 562 265 ΕΚΛΟΓΗ
580 213 731 271 ΛΕΞΕΩΝ
748 213 843 264 ΚΑΤΑ
861 209 1062 264 ΣΤΟΙΧΕΙΟΝ

189 380 266 441 παῖς,
290 371 417 446 (τὰδὲ)
441 380 499 428 τῶν
519 374 687 440 ἑωρακότων
707 372 898 438 αἰςθανόμενοι
917 375 1148 441 μαρτυρούντων,
1172 373 1210 427 τὰ

191 465 221 517 δέ
241 463 311 532 ἀκοί)
330 463 557 529 πυνθανόμενοι’.

262 587 359 640 θνιοκο
378 585 424 656 (ef.
443 586 496 640 lex.
517 586 543 640 S.
563 588 632 641 sext.
651 605 678 655 p.
694 591 755 651 366,
771 588 827 655 10);
847 587 946 653 ἀκμή·
967 587 1077 654 ὀξύτης,
1097 588 1168 653 αὐτὴ
1188 589 1209 654 ἡ

191 679 262 744 ῥοπὴ
286 681 337 743 τῆς
359 682 410 730 τοθ
434 678 596 743 πράγματος
615 676 773 730 έπιτάςεῶς.
812 679 856 729 καί
874 678 893 742 ί)
912 678 1027 741 δύναμις
1047 678 1091 728 καί
1109 677 1127 741 ἡ
1146 675 1211 728 νεό-

163 779 248 832 ττης.
282 768 354 832 ἀκμὴ
375 766 406 820 δέ
424 771 520 832 καιροῦ
540 767 558 831 ἡ
578 765 699 831 εὐτυχία,
733 766 825 818 οὕτως
844 764 996 832 Ἰςοκράτης
1016 766 1106 832 (1133)
1131 764 1210 831 ‘epd-

189 871 281 907 τιςτον
306 855 355 920 μέν
378 859 430 920 τῆς
453 857 542 920 ἀκμῆς
564 859 624 908 τῶν
647 859 751 920 καιρῶν
774 852 943 919 τυγχάνειν’.
981 855 1149 919 λαμβάνεται
1176 855 1209 907 δέ

190 945 235 996 καί
254 945 316 997 ἀντί
333 948 384 996 τοῦ
404 945 452 997 ἔτι.
480 945 571 997 οὕτως
591 943 738 1009 Ὑπερίδης
758 941 801 1012 (fr.
817 947 869 994 116
883 940 958 1010 Bl').
997 945 1041 996 καί
1060 943 1211 1011 (οφοκλῆς

191 1030 273 1100 (Phil.
290 1033 405 1101 12-14)

405 1123 496 1187 ἀκμὴν
514 1122 568 1188 γὰρ
587 1122 623 1174 οὐ
642 1126 756 1187 μακρῶν
773 1123 839 1187 ἡμῖν
858 1122 959 1188 λόγων,

150 1223 175 1263 10
297 1213 334 1277 μὴ
354 1213 398 1264 καί
418 1211 491 1280 μάθῃ
512 1212 540 1277 μ’
558 1214 663 1276 ἥκοντα
683 1212 792 1276 κάκχέῶ
811 1212 845 1263 τὸ
863 1215 920 1265 πᾶν

298 1301 425 1366 ςὸφιςμα.

261 1421 326 1477 Lex.
347 1441 368 1476 ο.
388 1441 482 1484 evm.
502 1441 529 1492 p.
551 1427 611 1490 184,
631 1429 660 1476 6;
685 1425 851 1490 ἀλάςτῶρ·
880 1425 895 1476 6
920 1423 956 1477 τὰ
983 1425 1087 1489 μεγάλα
1114 1424 1211 1490 ἀδική-

192 1530 263 1578 ματα
282 1518 379 1566 ποιῶν.
410 1515 455 1567 καί
473 1514 660 1581 ἀλιτήριος·
680 1515 696 1567 6
715 1514 804 1567 πολλὰ
823 1513 963 1580 ἠδικηκὼς
982 1515 1027 1567 καὶ
1047 1513 1209 1567 κολάζεςθαι

191 1603 277 1655 deoc·
298 1604 434 1670 ἀλιτρὸς
451 1604 505 1670 γὰρ
524 1604 540 1656 δ
560 1604 701 1670 ἁμαρτών.

150 1740 176 1779 15
262 1724 372 1780 Svmle:
396 1727 536 1791 ἀλογίαν
559 1728 647 1794 δίκη·
676 1727 712 1792 ἣν
735 1728 886 1793 φεύγουςιν
910 1726 936 1780 ol
959 1728 1093 1793 ἄρχοντε(
1118 1727 1206 1790 λόγον

191 1816 224 1868 οὐ
245 1816 369 1870 διδόντες
386 1820 445 1869 τῶν
463 1821 515 1882 τῆς
534 1817 621 1883 ἀρχῆς
640 1817 835 1882 διοικημάτυιν.

263 1937 361 1991 δνιυκο
376 1938 421 2007 (cf.
435 1938 488 1992 lex.
505 1940 531 1992 S.
546 1941 638 2007 quart.
653 1957 679 2008 p.
693 1944 752 2004 183,
765 1943 779 1992 'l
795 1941 824 1993 et
837 1939 889 1992 lex.
906 1939 932 1993 S.
948 1938 1037 2007 quint.
1052 1957 1079 2010 p.
1095 1944 1155 2005 216,
1166 1940 1209 2005 4):'

191 2029 269 2094 ἅμα·
296 2031 400 2096 δοτικῃ.
437 2030 619 2096 Δημοςθένης
642 2031 683 2096 (IV
703 2030 747 2097 36)
771 2029 816 2082 ἐπὶ
840 2034 892 2082 τοθ
919 2030 1025 2083 εὐθέως
1050 2032 1095 2083 καί
1119 2046 1209 2095 παρα-

191 2120 283 2183 χρῆμα
311 2118 390 2170 ἔταξε
416 2135 431 2169 κ
459 2121 504 2170 καί
532 2119 562 2170 έν
589 2123 630 2186 τῶ
659 2118 746 2184 Ὑπὲρ
773 2123 831 2171 τῶν
860 2118 989 2185 ῥητόρων
1016 2119 1092 2188 λόγῳ
1120 2117 1210 2171 εἰπών

151 2221 177 2260 νο
192 2204 234 2272 (fr.
256 2210 289 2257 12
314 2204 389 2274 Τατ.)
423 2206 468 2259 ‘06
498 2207 551 2272 γὰρ
577 2207 593 2259 6
620 2207 740 2259 θάνατος
765 2213 823 2261 τοῖς
849 2208 880 2260 εὖ
907 2212 1058 2274 φρονοθςιν
1084 2205 1208 2274 οἰκτρὸς·

190 2299 276 2347 τοθτο
299 2295 353 2360 γὰρ
377 2295 433 2359 ἅμα
451 2301 492 2363 τῷ
511 2296 636 2360 γενέςθαι
654 2295 769 2349 πάντων
789 2295 995 2360 κατέγνωςται’.
1033 2295 1158 2362 Αίςχίνης
1176 2296 1209 2348 δὲ

191 2383 236 2436 ἐπὶ
253 2388 305 2436 τοθ
325 2384 395 2436 κατὰ
413 2385 464 2436 τδν
482 2383 570 2437 αὐτὸν
589 2385 685 2450 καιρὸν
705 2385 735 2437 ἐν
748 2389 789 2452 τῷ
806 2385 880 2438 Κατὰ
894 2385 1090 2451 Κτηςιφῶντος
1104 2385 1148 2449 (ΙΠ
1162 2385 1209 2451 62)

192 2472 243 2525 ’ὡς
266 2474 387 2526 ἀπέδοτο
410 2473 560 2539 τριάκοντα
585 2478 662 2539 μνῶν
685 2475 741 2539 ἅμα
764 2473 818 2539 τήν
840 2490 872 2526 τε
895 2473 933 2526 εἰς
956 2475 1044 2526 αὑτὸν
1065 2474 1144 2539 ὕβριν
1163 2475 1209 2526 καὶ

190 2564 243 2627 τὴν
266 2566 317 2614 τοθ
341 2562 432 2628 δὴμου
456 2561 721 2628 καταχειροτονίαν’.
760 2565 804 2615 καί
822 2562 1004 2628 Δημοςθένης
1023 2563 1054 2614 ἐν
1071 2567 1113 2630 τῷ
1133 2563 1210 2615 Κατὰ

152 2665 177 2704 25
191 2650 307 2704 Μειδίου
327 2651 393 2718 (XXI
412 2651 465 2718 34).
503 2653 547 2704 καί
572 2652 647 2717 παρὰ
672 2656 713 2719 τῶ
738 2649 905 2718 Ἀντιφῶντι
931 2652 961 2704 δέ
984 2651 1018 2704 τὸ
1042 2651 1099 2716 ἅμα
1122 2656 1209 2704 κεῖται

192 2739 236 2791 ἐπί
259 2740 293 2791 τδ
316 2739 395 2792 αὐτό.
433 2741 500 2805 φηςί
522 2740 576 2806 γὰρ
599 2740 630 2793 ἐν
647 2739 810 2806 Προοιμίοις
829 2737 872 2807 (fr.
893 2743 926 2791 69
944 2737 1012 2808 Bl.¹)
1039 2739 1110 2794 ‘all’
1128 2738 1152 2792 εί
1174 2740 1209 2792 τό

190 2842 222 2880 τε
247 2828 360 2894 πρᾶγμά
387 2845 432 2894 μοι
457 2835 583 2894 κρεῖττον
610 2829 738 2895 φαίνεται
766 2829 823 2894 ἅμα
850 2845 881 2882 τε
910 2828 1061 2895 μαρτυρίας
1088 2829 1210 2895 ἀκριβεῖς
1312 2891 1315 2908 Ι

191 2915 363 2982 παρέξομαι’.
396 2919 440 2970 καί
454 2919 529 2984 παρὰ
539 2918 712 2984 Δημοςθένει
726 2918 757 2970 ἐν
770 2923 811 2986 τῷ
826 2918 896 2984 Περὶ
911 2918 1050 2983 ςτεφάνου
1066 2919 1152 2985 (11111Π
1163 2917 1210 2986 34)

193 3003 302 3057 (πάςαις
321 3006 352 3057 δέ
370 3006 520 3072 λοιδορίαις
536 3008 581 3059 καί
601 3007 782 3074 βλαςφημίαις
801 3005 858 3072 έίμα
875 3007 980 3059 τούτου
999 3006 1194 3073 κεχρημένου’.

265 3169 279 3216 1
303 3162 338 3218 τὰ
362 3162 393 3218 δὲ
417 3163 481 3217 αςίςί.
501 3163 684 3218 θοίιοοιοαου.
779 3171 811 3218 11
836 3181 908 3233 quae
931 3167 996 3233 ροοίτ
1019 3162 1142 3233 σόφισμα
1166 3180 1210 3218 ee-

192 3237 329 3303 quunlur,
353 3234 447 3298 omisi,
472 3253 536 3288 oum
559 3251 593 3289 ee
612 3233 733 3289 Caecilio
756 3252 812 3289 non
836 3236 934 3289 deberi
955 3252 1037 3304 posse
1061 3239 1209 3304 appareat.

194 3313 226 3360 19
254 3308 319 3376 peel
347 3305 424 3370 ἔταξε
452 3307 557 3361 excidit
585 3306 707 3374 aliquid,
736 3306 767 3360 cf
794 3307 875 3361 Bless
896 3307 915 3361 l.
935 3325 956 3360 e.
979 3312 1047 3360 1111
1071 3325 1098 3375 p.
1119 3311 1162 3374 61,
1182 3313 1208 3361 2.

192 3383 226 3431 23
246 3376 333 3432 αὑτὸν
352 3394 386 3430 ex
401 3377 539 3432 Aeschine
559 3377 634 3447 Saup
656 3393 679 3445 e,
700 3375 786 3433 αὐτὸν
805 3378 879 3433 libri.
953 3383 986 3431 26
1005 3375 1036 3432 τὸ
1056 3375 1138 3450 αὐτό]
1157 3387 1210 3433 τοῦ

193 3450 279 3504 αὐτοῦ
298 3449 424 3502 Kueeler.
498 3455 540 3503 26.
560 3456 592 3502 21
612 3396 654 3504 vg)
663 3469 692 3504 τε
712 3449 842 3519 Spengel,
860 3448 922 3505 τότε
935 3448 1010 3503 libri.
1084 3455 1117 3501 21
1137 3469 1210 3518 μαρ-

191 3518 289 3588 τυρίας
307 3520 433 3590 Sauppe,
452 3519 591 3590 μαρτυρία
609 3519 684 3575 libri.
756 3522 882 3592 ἀκριβεῖς
900 3521 933 3575 A.
949 3519 1088 3587 Seheefer,
1107 3522 1211 3592 ἀρετῆς

191 3591 266 3645 libri.
339 3598 373 3645 οε
391 3591 548 3661 παρέξομαι
565 3575 738 3663 Bernhardy,
756 3592 898 3664 πράξομαι
916 3593 989 3646 libri.
