2666 3910
555 215 772 267 PROOEMIVM
1046 216 1175 266 XXXVII

154 382 225 460 gino
240 382 392 442 obseruari
403 376 539 441 ‘Caecilii
552 383 740 460 diligentiam
753 384 786 440 in
799 383 883 441 uitiis
897 381 1075 459 indagandis
1090 401 1174 442 occu-

154 467 279 548 patam’.
315 472 373 530 Hic
396 472 450 531 illa
473 473 550 530 uitia
572 471 803 548 reprehenderat
826 473 856 530 et
878 469 1000 531 ἑκούσια
1018 473 1173 547 tamquam

156 557 266 621 ‘studio
293 561 487 620 sublimitatis
514 555 598 620 nata’
627 563 657 619 et
685 555 733 619 ‘ex
759 562 877 620 curiosa
902 580 1002 619 rerum
1025 579 1173 620 nouarum

156 649 375 727 conquisitione
399 645 476 709 orta'
500 650 729 728 significauerat.

154 853 203 908 De
232 851 429 908 Alexandro
456 850 619 906 Numenii
646 850 732 918 filio,
762 849 915 917 Tiberio,
948 849 1174 918 Quintiliano,

518 957 593 1012 aliis
615 957 822 1013 rhetoribus.

221 1098 287 1156 Iam
310 1097 438 1172 paucula
457 1115 525 1154 cum
543 1095 580 1154 de
598 1097 666 1154 aliis
684 1094 852 1154 rhetoribus
870 1097 936 1154 tum
955 1095 991 1154 de
1009 1095 1174 1173 figurarum

156 1187 326 1247 auctoribus
357 1185 563 1261 praemonebo.
614 1185 780 1261 Tamquam
811 1184 1038 1243 fundamentum
1068 1186 1175 1243 horum

155 1277 307 1335 rhetorum
330 1274 500 1334 Caeciliana
523 1293 612 1351 opera
635 1275 728 1334 fuisse
752 1293 852 1334 omnes
871 1275 931 1333 uiri
954 1274 1035 1333 docti
1054 1292 1175 1332 eonsen-

155 1367 249 1440 tiunt,
276 1384 368 1441 quam
390 1366 569 1425 sententiam
593 1363 692 1422 animo
716 1365 869 1439 concipere
892 1382 952 1422 non
975 1362 1097 1423 difficile
1121 1365 1175 1437 est,

155 1457 330 1531 praesertim
353 1455 585 1531 complerique,
609 1453 693 1513 uelut
712 1453 856 1527 Tiberius,
879 1451 1057 1520 Alexander,
1082 1451 1173 1522 Quin·

156 1545 294 1618 trhonus,
334 1545 394 1620 ipsi
434 1562 576 1620 persaepe
613 1561 644 1602 se
684 1543 771 1600 illum
808 1545 926 1601 secutos
963 1560 1025 1602 esse
1062 1542 1171 1601 diserte

156 1633 361 1710 profiteantur.
406 1631 542 1708 Apparet
564 1631 655 1690 etiarn
680 1631 748 1693 illos
773 1631 905 1690 rhetores
931 1650 1019 1707 saepe
1043 1633 1174 1690 remita

156 1723 336 1798 instituisse,
363 1723 397 1780 ut
419 1723 534 1781 ratione
558 1721 733 1797 excerpendi
761 1720 883 1779 adducti
910 1720 1068 1779 uerborum
1090 1722 1174 1782 teno-

157 1831 220 1870 rem
250 1813 457 1886 immutarent,
489 1810 633 1870 nonnulla
662 1812 694 1868 in
720 1809 930 1869 breuissimum
958 1809 1175 1884 contraherent,

158 1902 253 1959 multa
277 1903 307 1959 et
329 1901 424 1959 bonae
447 1901 543 1978 frugis
566 1901 656 1975 plena
679 1919 714 1958 ex
737 1899 853 1958 diuitiis
877 1897 1053 1957 Uectilianis
1077 1900 1176 1977 negle-

157 1993 262 2067 gerent
289 1994 319 2048 ct
350 1991 536 2064 omitterent,
569 1988 667 2047 aliena
695 2007 814 2064 quoque
846 1989 999 2046 inferrent.
1050 1986 1177 2066 Singula

158 2078 328 2140 Caeciliana
350 2079 450 2137 omnia
473 2081 610 2137 accurate
633 2079 777 2137 extricare
796 2081 826 2136 et
845 2077 882 2135 ab
901 2076 1006 2135 alienis
1025 2096 1177 2136 secernere

156 2168 245 2227 hodie
267 2187 327 2227 non
348 2169 409 2226 iam
428 2168 570 2226 ualemus.
608 2167 723 2243 Itaque,
748 2185 928 2242 quamquam
946 2166 1099 2225 interdum
1118 2187 1177 2225 non

158 2259 221 2317 sine
239 2276 349 2335 magna
368 2257 563 2331 dubitatione,
585 2259 618 2315 in
636 2257 713 2315 hanc
732 2257 937 2315 collectionem
955 2257 1062 2330 recepi,
1086 2275 1177 2331 quae-

159 2366 285 2422 cumque
314 2367 332 2405 a
359 2349 433 2405 uiris
461 2347 556 2405 doctis
583 2347 721 2405 ueritatis
747 2347 811 2404 siue
833 2345 1056 2422 probabilitatis
1080 2347 1176 2421 specie

157 2439 313 2512 tamquam
340 2434 511 2495 Caeciliana
542 2435 725 2512 deprehensa
753 2438 830 2494 sunt.
882 2433 1009 2512 Singula
1036 2434 1084 2492 hic
1111 2454 1176 2510 per·

159 2544 275 2585 currere
294 2525 417 2602 longum
436 2528 488 2584 est.
525 2524 679 2584 hectorem
697 2525 797 2602 relego
817 2523 855 2582 ad
870 2523 1077 2582 adnotationes
1096 2543 1177 2582 meas

158 2615 196 2674 ad
219 2616 387 2692 fragmenta
410 2614 542 2688 additas,
566 2633 601 2672 ex
624 2614 731 2690 quibus
754 2614 930 2688 plerumque
953 2615 1092 2688 apparet,
1117 2632 1176 2688 quo

157 2707 221 2763 iure
245 2705 365 2780 singula
388 2703 426 2763 ad
445 2701 606 2762 Caecilium
624 2704 835 2762 reuocauerim.
872 2702 908 2760 ln
926 2701 982 2760 hac
1002 2703 1176 2777 quaestione

158 2793 280 2852 maximi
302 2795 446 2852 momenti
466 2793 600 2869 exempla
619 2795 698 2865 sunt,
722 2792 831 2867 quibus
849 2793 1009 2866 praecepta
1027 2791 1175 2850 rhetorica

159 2886 189 2942 et
220 2881 407 2941 definitiones
438 2882 638 2941 illustrantur.
687 2881 767 2939 Nam
798 2899 940 2956 persaepe
969 2879 1041 2938 lieet
1068 2899 1103 2938 ex
1133 2899 1176 2954 eo,

158 2972 238 3047 quod
269 2971 327 3030 duo
361 2973 413 3030 aut
442 2972 542 3046 plures
571 2974 705 3030 auctores
733 2970 835 3028 eadem
864 2969 998 3043 exempla
1026 2969 1176 3043 adhihent,

159 3061 297 3138 colligere
322 3079 371 3119 eoa
395 3081 487 3118 unum
510 3079 695 3119 communem
718 3060 831 3118 fontem
854 3060 885 3117 in
908 3077 995 3116 usum
1013 3060 1174 3117 uocauisse.

159 3148 223 3218 Quo
246 3148 377 3208 subsidio
400 3151 447 3209 usi
470 3149 529 3208 uiri
552 3149 632 3208 docti
653 3168 712 3208 non
730 3167 840 3224 paucos
859 3148 940 3206 locos
960 3145 1090 3206 Caecilio
1110 3151 1174 3206 uin·

158 3239 341 3298 dicaucrunt.

225 3328 365 3387 Fortasse
387 3347 479 3386 unum
502 3327 659 3386 dicendum
683 3330 735 3385 est.
776 3325 860 3395 Quod
884 3325 921 3385 ad
945 3327 1114 3402 fragmenta
1135 3328 1174 3384 19

159 3420 190 3476 et
212 3419 254 3476 20
278 3419 396 3491 attinet,
420 3436 455 3475 ex
477 3417 575 3475 uerbis
598 3415 749 3491 Anonymi
773 3415 948 3492 Segueriani
971 3406 1177 3494 (Ἀλέξανδρος

162 3503 193 3566 δὲ
217 3501 233 3564 d
257 3513 308 3566 τοῦ
328 3506 508 3583 Νουμηνίου
531 3503 581 3566 καὶ
598 3507 735 3582 Νεοκλῆς
758 3496 845 3586 φασι)
869 3503 998 3563 efficitur
1015 3505 1176 3578 utrumque

161 3595 309 3654 rhetorem
336 3596 369 3653 in
391 3596 557 3672 praeceptis
582 3595 620 3654 ad
642 3596 844 3653 narrationem
867 3593 1085 3668 pertinentibus
1108 3610 1175 3650 con-
