<?xml version="1.0" encoding="UTF-8"?>
<!DOCTYPE html PUBLIC "-//W3C//DTD XHTML 1.0 Transitional//EN"
    "http://www.w3.org/TR/xhtml1/DTD/xhtml1-transitional.dtd">
<html xmlns="http://www.w3.org/1999/xhtml" xml:lang="en" lang="en">
 <head>
  <title>
</title>
<meta http-equiv="Content-Type" content="text/html;charset=utf-8" />
  <meta name='ocr-system' content='tesseract 3.04.00' />
  <meta name='ocr-capabilities' content='ocr_page ocr_carea ocr_par ocr_line ocrx_word'/>
</head>
<body>
  <div class='ocr_page' id='page_1' title='image "./caeciliicalacti00caecgoog_0107.png"; bbox 0 0 2666 3912; ppageno 0'>
   <div class='ocr_carea' id='block_1_1' title="bbox 174 225 827 289">
    <p class='ocr_par' dir='ltr' id='par_1_1' title="bbox 174 225 827 289">
     <span class='ocr_line' id='line_1_1' title="bbox 174 225 827 289; baseline 0 -11"><span class='ocrx_word' id='word_1_1' title='bbox 174 227 216 289; x_wconf 78' lang='lat'><strong><em>62</em></strong></span> <span class='ocrx_word' id='word_1_2' title='bbox 535 225 567 280; x_wconf 87' lang='lat' dir='ltr'><strong><em>V.</em></strong></span> <span class='ocrx_word' id='word_1_3' title='bbox 588 229 675 278; x_wconf 85' lang='grc' dir='ltr'><strong>ΠΕΡΙ</strong></span> <span class='ocrx_word' id='word_1_4' title='bbox 694 229 827 278; x_wconf 76' lang='grc' dir='ltr'>ΤΨΟΤΣ</span> 
     </span>
    </p>
   </div>
   <div class='ocr_carea' id='block_1_2' title="bbox 172 375 1191 619">
    <p class='ocr_par' dir='ltr' id='par_1_2' title="bbox 172 375 1191 619">
     <span class='ocr_line' id='line_1_2' title="bbox 172 375 1191 456; baseline 0.005 -17"><span class='ocrx_word' id='word_1_5' title='bbox 172 388 242 453; x_wconf 84' lang='grc' dir='ltr'><strong><em>πρὸ(</em></strong></span> <span class='ocrx_word' id='word_1_6' title='bbox 262 375 357 454; x_wconf 82' lang='grc' dir='ltr'><strong><em>ἕτερον</em></strong></span> <span class='ocrx_word' id='word_1_7' title='bbox 377 389 407 440; x_wconf 81' lang='grc' dir='ltr'><strong><em>δὲ</em></strong></span> <span class='ocrx_word' id='word_1_8' title='bbox 427 388 637 452; x_wconf 84' lang='grc' dir='ltr'><strong><em>ἀποτεινώμεθα</em></strong></span> <span class='ocrx_word' id='word_1_9' title='bbox 656 391 701 441; x_wconf 85' lang='grc' dir='ltr'><strong><em>καὶ</em></strong></span> <span class='ocrx_word' id='word_1_10' title='bbox 720 389 754 441; x_wconf 86' lang='grc' dir='ltr'><strong><em>οὐ</em></strong></span> <span class='ocrx_word' id='word_1_11' title='bbox 773 389 843 454; x_wconf 77' lang='grc' dir='ltr'><strong><em>πρὸ(</em></strong></span> <span class='ocrx_word' id='word_1_12' title='bbox 862 390 912 441; x_wconf 87' lang='grc' dir='ltr'><strong><em>τὸν</em></strong></span> <span class='ocrx_word' id='word_1_13' title='bbox 931 389 1106 456; x_wconf 68' lang='grc' dir='ltr'><strong><em>ἀδικήσαντα,</em></strong></span> <span class='ocrx_word' id='word_1_14' title='bbox 1129 390 1191 444; x_wconf 76' lang='grc' dir='ltr'><strong><em>οἷον</em></strong></span> 
     </span>
     <span class='ocr_line' id='line_1_3' title="bbox 174 475 1190 545; baseline 0.004 -16"><span class='ocrx_word' id='word_1_15' title='bbox 174 476 242 540; x_wconf 67' lang='grc' dir='ltr'>’ἐγὼ</span> <span class='ocrx_word' id='word_1_16' title='bbox 266 477 297 530; x_wconf 81' lang='grc' dir='ltr'><strong><em>δὲ</em></strong></span> <span class='ocrx_word' id='word_1_17' title='bbox 320 475 390 530; x_wconf 81' lang='grc' dir='ltr'><strong><em>ἰδών</em></strong></span> <span class='ocrx_word' id='word_1_18' title='bbox 407 494 468 530; x_wconf 89' lang='grc' dir='ltr'><strong><em>τινα</em></strong></span> <span class='ocrx_word' id='word_1_19' title='bbox 488 477 645 542; x_wconf 82' lang='grc' dir='ltr'>βλάπτοντα</span> <span class='ocrx_word' id='word_1_20' title='bbox 663 478 714 530; x_wconf 88' lang='grc' dir='ltr'><strong><em>τὸν</em></strong></span> <span class='ocrx_word' id='word_1_21' title='bbox 732 479 817 530; x_wconf 78' lang='grc' dir='ltr'><strong><em>πέλα(</em></strong></span> <span class='ocrx_word' id='word_1_22' title='bbox 839 479 918 531; x_wconf 73' lang='grc' dir='ltr'><strong><em>εἷπον</em></strong></span> <span class='ocrx_word' id='word_1_23' title='bbox 937 479 1006 545; x_wconf 81' lang='grc' dir='ltr'><strong><em>πρὸ(</em></strong></span> <span class='ocrx_word' id='word_1_24' title='bbox 1025 480 1124 532; x_wconf 83' lang='grc' dir='ltr'><strong><em>αὐτὸν·</em></strong></span> <span class='ocrx_word' id='word_1_25' title='bbox 1151 482 1190 534; x_wconf 81' lang='grc' dir='ltr'><strong><em>ὼε</em></strong></span> 
     </span>
     <span class='ocr_line' id='line_1_4' title="bbox 173 565 467 619; baseline 0.007 -2"><span class='ocrx_word' id='word_1_26' title='bbox 173 565 275 619; x_wconf 80' lang='grc' dir='ltr'><strong><em>ἀδικεῖ(</em></strong></span> <span class='ocrx_word' id='word_1_27' title='bbox 293 567 344 618; x_wconf 83' lang='grc' dir='ltr'><strong><em>τὸν</em></strong></span> <span class='ocrx_word' id='word_1_28' title='bbox 363 565 467 619; x_wconf 76' lang='grc' dir='ltr'><strong><em>πέλετ’.</em></strong></span> 
     </span>
    </p>
   </div>
   <div class='ocr_carea' id='block_1_3' title="bbox 173 688 1191 1024">
    <p class='ocr_par' dir='ltr' id='par_1_3' title="bbox 173 688 1191 1024">
     <span class='ocr_line' id='line_1_5' title="bbox 246 688 1191 760; baseline 0.004 -19"><span class='ocrx_word' id='word_1_29' title='bbox 246 705 309 742; x_wconf 87' lang='lat' dir='ltr'><strong><em>eum</em></strong></span> <span class='ocrx_word' id='word_1_30' title='bbox 335 689 378 742; x_wconf 79' lang='lat' dir='ltr'><strong><em>his</em></strong></span> <span class='ocrx_word' id='word_1_31' title='bbox 406 688 489 742; x_wconf 76' lang='lat' dir='ltr'>dietis</span> <span class='ocrx_word' id='word_1_32' title='bbox 515 689 644 743; x_wconf 73' lang='lat' dir='ltr'>doctrine</span> <span class='ocrx_word' id='word_1_33' title='bbox 666 689 901 744; x_wconf 83' lang='lat' dir='ltr'>Phoebemmonis</span> <span class='ocrx_word' id='word_1_34' title='bbox 927 690 987 744; x_wconf 80' lang='lat' dir='ltr'>eius</span> <span class='ocrx_word' id='word_1_35' title='bbox 1011 692 1191 760; x_wconf 80' lang='lat' dir='ltr'>recensionis,</span> 
     </span>
     <span class='ocr_line' id='line_1_6' title="bbox 173 777 1190 850; baseline 0.005 -20"><span class='ocrx_word' id='word_1_36' title='bbox 173 793 246 844; x_wconf 76' lang='lat' dir='ltr'>quae</span> <span class='ocrx_word' id='word_1_37' title='bbox 261 778 337 847; x_wconf 72' lang='lat' dir='ltr'>apud</span> <span class='ocrx_word' id='word_1_38' title='bbox 351 777 492 832; x_wconf 82' lang='lat' dir='ltr'>Welzium</span> <span class='ocrx_word' id='word_1_39' title='bbox 507 778 569 848; x_wconf 83' lang='lat' dir='ltr'><strong>(Rh.</strong></span> <span class='ocrx_word' id='word_1_40' title='bbox 585 777 630 832; x_wconf 84' lang='lat' dir='ltr'><strong><em>Gr.</em></strong></span> <span class='ocrx_word' id='word_1_41' title='bbox 646 787 699 832; x_wconf 83' lang='lat' dir='ltr'>VIII</span> <span class='ocrx_word' id='word_1_42' title='bbox 713 798 739 848; x_wconf 88' lang='lat' dir='ltr'><strong><em>p.</em></strong></span> <span class='ocrx_word' id='word_1_43' title='bbox 756 784 816 845; x_wconf 81' lang='lat'>504,</span> <span class='ocrx_word' id='word_1_44' title='bbox 832 782 929 850; x_wconf 80' lang='lat'>6-12)</span> <span class='ocrx_word' id='word_1_45' title='bbox 948 780 1100 847; x_wconf 75' lang='lat' dir='ltr'>inuenitur,</span> <span class='ocrx_word' id='word_1_46' title='bbox 1120 782 1190 835; x_wconf 89' lang='lat' dir='ltr'>bene</span> 
     </span>
     <span class='ocr_line' id='line_1_7' title="bbox 174 866 1189 941; baseline 0.003 -22"><span class='ocrx_word' id='word_1_47' title='bbox 174 867 326 934; x_wconf 75' lang='lat' dir='ltr'>eoneeniit3</span> <span class='ocrx_word' id='word_1_48' title='bbox 353 867 491 934; x_wconf 76' lang='lat' dir='ltr'>recensio,</span> <span class='ocrx_word' id='word_1_49' title='bbox 517 883 603 934; x_wconf 82' lang='lat' dir='ltr'>quem</span> <span class='ocrx_word' id='word_1_50' title='bbox 622 867 743 938; x_wconf 78' lang='lat' dir='ltr'>Spengel</span> <span class='ocrx_word' id='word_1_51' title='bbox 764 868 825 936; x_wconf 83' lang='lat' dir='ltr'>(Rh.</span> <span class='ocrx_word' id='word_1_52' title='bbox 846 866 892 921; x_wconf 84' lang='lat' dir='ltr'><strong><em>Gr.</em></strong></span> <span class='ocrx_word' id='word_1_53' title='bbox 912 876 945 921; x_wconf 95' lang='lat' dir='ltr'><strong><em>III</em></strong></span> <span class='ocrx_word' id='word_1_54' title='bbox 963 887 990 938; x_wconf 91' lang='lat' dir='ltr'><strong><em>p.</em></strong></span> <span class='ocrx_word' id='word_1_55' title='bbox 1011 875 1053 936; x_wconf 81' lang='lat'><strong><em>49,</em></strong></span> <span class='ocrx_word' id='word_1_56' title='bbox 1074 873 1189 941; x_wconf 79' lang='lat'>24-28)</span> 
     </span>
     <span class='ocr_line' id='line_1_8' title="bbox 173 953 933 1024; baseline 0.001 -16"><span class='ocrx_word' id='word_1_57' title='bbox 173 953 298 1023; x_wconf 70' lang='lat' dir='ltr'>praebet,</span> <span class='ocrx_word' id='word_1_58' title='bbox 319 955 376 1009; x_wconf 84' lang='lat' dir='ltr'>alie</span> <span class='ocrx_word' id='word_1_59' title='bbox 395 958 445 1010; x_wconf 79' lang='lat' dir='ltr'>est.</span> <span class='ocrx_word' id='word_1_60' title='bbox 519 956 592 1021; x_wconf 86' lang='lat' dir='ltr'>uide,</span> <span class='ocrx_word' id='word_1_61' title='bbox 612 972 684 1024; x_wconf 84' lang='lat' dir='ltr'>quee</span> <span class='ocrx_word' id='word_1_62' title='bbox 704 957 741 1009; x_wconf 83' lang='lat' dir='ltr'><strong><em>ed</em></strong></span> <span class='ocrx_word' id='word_1_63' title='bbox 759 956 792 1009; x_wconf 84' lang='lat' dir='ltr'><strong><em>fr.</em></strong></span> <span class='ocrx_word' id='word_1_64' title='bbox 814 962 847 1010; x_wconf 76' lang='lat'><strong><em>‘18</em></strong></span> <span class='ocrx_word' id='word_1_65' title='bbox 866 957 933 1010; x_wconf 88' lang='lat' dir='ltr'><strong>dixi.</strong></span> 
     </span>
    </p>
   </div>
   <div class='ocr_carea' id='block_1_4' title="bbox 665 1297 696 1360">
    <p class='ocr_par' dir='ltr' id='par_1_4' title="bbox 665 1297 696 1360">
     <span class='ocr_line' id='line_1_9' title="bbox 665 1297 696 1360; baseline 0 0"><span class='ocrx_word' id='word_1_66' title='bbox 665 1297 696 1360; x_wconf 85' lang='lat' dir='ltr'>V</span> 
     </span>
    </p>
   </div>
   <div class='ocr_carea' id='block_1_5' title="bbox 499 1441 864 1517">
    <p class='ocr_par' dir='ltr' id='par_1_5' title="bbox 499 1441 864 1517">
     <span class='ocr_line' id='line_1_10' title="bbox 499 1441 864 1517; baseline 0.008 -4"><span class='ocrx_word' id='word_1_67' title='bbox 499 1441 637 1514; x_wconf 87' lang='grc' dir='ltr'>ΠΕΡΙ</span> <span class='ocrx_word' id='word_1_68' title='bbox 673 1441 864 1517; x_wconf 76' lang='grc' dir='ltr'><strong>ΤΨΟΤΣ</strong></span> 
     </span>
    </p>
   </div>
   <div class='ocr_carea' id='block_1_6' title="bbox 288 1596 1189 1686">
    <p class='ocr_par' dir='ltr' id='par_1_6' title="bbox 288 1596 1189 1686">
     <span class='ocr_line' id='line_1_11' title="bbox 288 1596 1189 1686; baseline 0.006 -25"><span class='ocrx_word' id='word_1_69' title='bbox 288 1597 332 1662; x_wconf 78' lang='lat'><strong><em>82</em></strong></span> <span class='ocrx_word' id='word_1_70' title='bbox 359 1596 407 1684; x_wconf 92' lang='lat'><strong><em>(=</em></strong></span> <span class='ocrx_word' id='word_1_71' title='bbox 422 1599 465 1662; x_wconf 89' lang='lat'><strong><em>43</em></strong></span> <span class='ocrx_word' id='word_1_72' title='bbox 480 1597 532 1686; x_wconf 82' lang='lat' dir='ltr'><strong><em>B.)</em></strong></span> <span class='ocrx_word' id='word_1_73' title='bbox 556 1598 609 1662; x_wconf 74' lang='grc' dir='ltr'><strong><em>ΒΕ</em></strong></span> <span class='ocrx_word' id='word_1_74' title='bbox 630 1617 864 1665; x_wconf 71' lang='lat' dir='ltr'>svennssrlnn</span> <span class='ocrx_word' id='word_1_75' title='bbox 882 1603 930 1666; x_wconf 88' lang='lat'><strong><em>11</em></strong></span> <span class='ocrx_word' id='word_1_76' title='bbox 951 1625 981 1686; x_wconf 89' lang='lat' dir='ltr'><strong><em>p.</em></strong></span> <span class='ocrx_word' id='word_1_77' title='bbox 998 1605 1026 1684; x_wconf 85' lang='lat'><strong><em>1,</em></strong></span> <span class='ocrx_word' id='word_1_78' title='bbox 1043 1603 1058 1665; x_wconf 89' lang='lat'>1</span> <span class='ocrx_word' id='word_1_79' title='bbox 1076 1601 1129 1666; x_wconf 89' lang='lat' dir='ltr'><strong><em>V.:</em></strong></span> <span class='ocrx_word' id='word_1_80' title='bbox 1148 1603 1189 1666; x_wconf 88' lang='grc' dir='ltr'><strong><em>τὸ</em></strong></span> 
     </span>
    </p>
   </div>
   <div class='ocr_carea' id='block_1_7' title="bbox 147 1705 1190 1898">
    <p class='ocr_par' dir='ltr' id='par_1_7' title="bbox 147 1705 1190 1898">
     <span class='ocr_line' id='line_1_12' title="bbox 147 1705 1190 1792; baseline 0.009 -27"><span class='ocrx_word' id='word_1_81' title='bbox 147 1725 160 1764; x_wconf 81' lang='lat'>5</span> <span class='ocrx_word' id='word_1_82' title='bbox 219 1705 280 1786; x_wconf 78' lang='grc' dir='ltr'><strong><em>μὲν</em></strong></span> <span class='ocrx_word' id='word_1_83' title='bbox 320 1715 390 1770; x_wconf 89' lang='grc' dir='ltr'><strong><em>τοῦ</em></strong></span> <span class='ocrx_word' id='word_1_84' title='bbox 427 1709 618 1771; x_wconf 81' lang='grc' dir='ltr'><strong><em>Κεκιλίου</em></strong></span> <span class='ocrx_word' id='word_1_85' title='bbox 660 1710 1000 1792; x_wconf 74' lang='grc' dir='ltr'><em>συγγραμμάτιον,</em></span> <span class='ocrx_word' id='word_1_86' title='bbox 1042 1709 1060 1774; x_wconf 88' lang='grc' dir='ltr'><strong><em>δ</em></strong></span> <span class='ocrx_word' id='word_1_87' title='bbox 1101 1708 1190 1792; x_wconf 78' lang='grc' dir='ltr'><strong><em>περὶ</em></strong></span> 
     </span>
     <span class='ocr_line' id='line_1_13' title="bbox 220 1807 1190 1898; baseline 0.003 -22"><span class='ocrx_word' id='word_1_88' title='bbox 220 1811 346 1888; x_wconf 76' lang='grc' dir='ltr'><strong><em>ὕψους</em></strong></span> <span class='ocrx_word' id='word_1_89' title='bbox 369 1811 622 1896; x_wconf 81' lang='grc' dir='ltr'><em>συνετάξατο,</em></span> <span class='ocrx_word' id='word_1_90' title='bbox 646 1813 951 1898; x_wconf 77' lang='grc' dir='ltr'><strong><em>ἀνασκοπουμένοις</em></strong></span> <span class='ocrx_word' id='word_1_91' title='bbox 973 1815 1052 1898; x_wconf 71' lang='grc' dir='ltr'><strong><em>ἡμῖν</em></strong></span> <span class='ocrx_word' id='word_1_92' title='bbox 1076 1817 1120 1891; x_wconf 84' lang='grc' dir='ltr'><strong><em>ὡς</em></strong></span> <span class='ocrx_word' id='word_1_93' title='bbox 1143 1807 1190 1880; x_wconf 83' lang='grc' dir='ltr'><strong><em>οἷ-</em></strong></span> 
     </span>
    </p>
   </div>
   <div class='ocr_carea' id='block_1_8' title="bbox 149 1921 1191 3070">
    <p class='ocr_par' dir='ltr' id='par_1_8' title="bbox 149 1921 1191 3070">
     <span class='ocr_line' id='line_1_14' title="bbox 219 1921 1190 2006; baseline 0.005 -25"><span class='ocrx_word' id='word_1_94' title='bbox 219 1925 288 1982; x_wconf 74' lang='grc' dir='ltr'><strong><em>σθα</em></strong></span> <span class='ocrx_word' id='word_1_95' title='bbox 312 1929 418 2005; x_wconf 78' lang='grc' dir='ltr'><strong><em>κοινῇ,</em></strong></span> <span class='ocrx_word' id='word_1_96' title='bbox 443 1921 634 2002; x_wconf 86' lang='grc' dir='ltr'><strong><em>Ποστούμιε</em></strong></span> <span class='ocrx_word' id='word_1_97' title='bbox 658 1922 850 2004; x_wconf 76' lang='grc' dir='ltr'><strong><em>Τερεντιανὲ</em></strong></span> <span class='ocrx_word' id='word_1_98' title='bbox 872 1926 1024 2006; x_wconf 80' lang='grc' dir='ltr'><strong><em>φίλτατε,</em></strong></span> <span class='ocrx_word' id='word_1_99' title='bbox 1041 1923 1190 1986; x_wconf 88' lang='grc' dir='ltr'><strong><em>ταπεινό-</em></strong></span> 
     </span>
     <span class='ocr_line' id='line_1_15' title="bbox 219 2023 1190 2110; baseline 0.006 -24"><span class='ocrx_word' id='word_1_100' title='bbox 219 2047 318 2107; x_wconf 89' lang='grc' dir='ltr'><strong><em>τερον</em></strong></span> <span class='ocrx_word' id='word_1_101' title='bbox 346 2023 452 2108; x_wconf 80' lang='grc' dir='ltr'><strong><em>ἐφάνη</em></strong></span> <span class='ocrx_word' id='word_1_102' title='bbox 480 2036 537 2109; x_wconf 81' lang='grc' dir='ltr'><strong><em>της</em></strong></span> <span class='ocrx_word' id='word_1_103' title='bbox 565 2026 642 2109; x_wconf 89' lang='grc' dir='ltr'><strong><em>ὅλης</em></strong></span> <span class='ocrx_word' id='word_1_104' title='bbox 669 2026 876 2110; x_wconf 74' lang='grc' dir='ltr'><strong><em>ὑποθέσεως,</em></strong></span> <span class='ocrx_word' id='word_1_105' title='bbox 907 2027 961 2092; x_wconf 87' lang='grc' dir='ltr'><strong><em>καλ</em></strong></span> <span class='ocrx_word' id='word_1_106' title='bbox 985 2029 1100 2110; x_wconf 65' lang='grc' dir='ltr'><strong><em>ἥκιστα</em></strong></span> <span class='ocrx_word' id='word_1_107' title='bbox 1123 2039 1190 2093; x_wconf 83' lang='grc' dir='ltr'><strong><em>τῶν</em></strong></span> 
     </span>
     <span class='ocr_line' id='line_1_16' title="bbox 219 2131 1188 2220; baseline 0.005 -26"><span class='ocrx_word' id='word_1_108' title='bbox 219 2132 359 2214; x_wconf 79' lang='grc' dir='ltr'><strong><em>καιρίων</em></strong></span> <span class='ocrx_word' id='word_1_109' title='bbox 383 2131 613 2214; x_wconf 84' lang='grc' dir='ltr'><strong><em>ἐφαπτόμενον</em></strong></span> <span class='ocrx_word' id='word_1_110' title='bbox 637 2133 676 2197; x_wconf 88' lang='grc' dir='ltr'><strong><em>οὐ</em></strong></span> <span class='ocrx_word' id='word_1_111' title='bbox 700 2136 828 2216; x_wconf 81' lang='grc' dir='ltr'><strong><em>πολλήν</em></strong></span> <span class='ocrx_word' id='word_1_112' title='bbox 851 2158 888 2218; x_wconf 75' lang='grc' dir='ltr'><strong><em>με</em></strong></span> <span class='ocrx_word' id='word_1_113' title='bbox 912 2133 1090 2218; x_wconf 82' lang='grc' dir='ltr'><strong><em>ὠφέλειαν,</em></strong></span> <span class='ocrx_word' id='word_1_114' title='bbox 1115 2131 1152 2218; x_wconf 75' lang='grc' dir='ltr'><strong><em>ἧς</em></strong></span> <span class='ocrx_word' id='word_1_115' title='bbox 1185 2133 1188 2220; x_wconf 75' lang='grc' dir='ltr'><strong><em>λ</em></strong></span> 
     </span>
     <span class='ocr_line' id='line_1_17' title="bbox 154 2237 1190 2324; baseline 0.007 -26"><span class='ocrx_word' id='word_1_116' title='bbox 154 2286 158 2297; x_wconf 86' lang='grc'><strong><em>,</em></strong></span> <span class='ocrx_word' id='word_1_117' title='bbox 219 2237 359 2318; x_wconf 89' lang='grc' dir='ltr'><strong><em>μάλιστα</em></strong></span> <span class='ocrx_word' id='word_1_118' title='bbox 383 2239 434 2301; x_wconf 77' lang='grc' dir='ltr'><strong><em>δεῖ</em></strong></span> <span class='ocrx_word' id='word_1_119' title='bbox 458 2239 673 2322; x_wconf 79' lang='grc' dir='ltr'><strong><em>στοχάζεσθαι</em></strong></span> <span class='ocrx_word' id='word_1_120' title='bbox 696 2241 754 2303; x_wconf 91' lang='grc' dir='ltr'><strong><em>τὸν</em></strong></span> <span class='ocrx_word' id='word_1_121' title='bbox 777 2241 965 2324; x_wconf 76' lang='grc' dir='ltr'><strong><em>γράφοντα,</em></strong></span> <span class='ocrx_word' id='word_1_122' title='bbox 992 2251 1190 2322; x_wconf 80' lang='grc' dir='ltr'><strong><em>περιποιοῦν</em></strong></span> 
     </span>
     <span class='ocr_line' id='line_1_18' title="bbox 219 2337 1191 2431; baseline 0.006 -24"><span class='ocrx_word' id='word_1_123' title='bbox 219 2354 288 2419; x_wconf 84' lang='grc' dir='ltr'><strong><em>τοῖς</em></strong></span> <span class='ocrx_word' id='word_1_124' title='bbox 308 2341 582 2428; x_wconf 76' lang='grc' dir='ltr'><strong><em>ἐντυγχάνουσιν</em></strong></span> <span class='ocrx_word' id='word_1_125' title='bbox 603 2337 660 2408; x_wconf 84' lang='grc' dir='ltr'><strong><em>εἶτ’</em></strong></span> <span class='ocrx_word' id='word_1_126' title='bbox 679 2344 732 2410; x_wconf 75' lang='grc' dir='ltr'><strong><em>ἐπὶ</em></strong></span> <span class='ocrx_word' id='word_1_127' title='bbox 751 2347 856 2430; x_wconf 85' lang='grc' dir='ltr'><strong><em>πάσης</em></strong></span> <span class='ocrx_word' id='word_1_128' title='bbox 869 2351 1079 2431; x_wconf 79' lang='grc' dir='ltr'><strong><em>τεχνολογίας</em></strong></span> <span class='ocrx_word' id='word_1_129' title='bbox 1096 2350 1191 2414; x_wconf 79' lang='grc' dir='ltr'><strong><em>δυεῖν</em></strong></span> 
     </span>
     <span class='ocr_line' id='line_1_19' title="bbox 220 2449 1191 2536; baseline 0.007 -23"><span class='ocrx_word' id='word_1_130' title='bbox 220 2449 482 2534; x_wconf 79' lang='grc' dir='ltr'><strong><em>ἀπαιτουμένων,</em></strong></span> <span class='ocrx_word' id='word_1_131' title='bbox 506 2451 671 2536; x_wconf 87' lang='grc' dir='ltr'><strong><em>προτέρου</em></strong></span> <span class='ocrx_word' id='word_1_132' title='bbox 691 2449 753 2534; x_wconf 72' lang='grc' dir='ltr'><strong><em>μὲν</em></strong></span> <span class='ocrx_word' id='word_1_133' title='bbox 775 2463 835 2518; x_wconf 87' lang='grc' dir='ltr'><strong><em>τοῦ</em></strong></span> <span class='ocrx_word' id='word_1_134' title='bbox 859 2453 973 2536; x_wconf 87' lang='grc' dir='ltr'><strong><em>δεῖξαι,</em></strong></span> <span class='ocrx_word' id='word_1_135' title='bbox 996 2457 1030 2518; x_wconf 91' lang='grc' dir='ltr'><strong><em>τί</em></strong></span> <span class='ocrx_word' id='word_1_136' title='bbox 1051 2457 1088 2518; x_wconf 92' lang='grc' dir='ltr'><strong><em>τὸ</em></strong></span> <span class='ocrx_word' id='word_1_137' title='bbox 1113 2455 1191 2521; x_wconf 88' lang='grc' dir='ltr'><strong><em>ὑπο-</em></strong></span> 
     </span>
     <span class='ocr_line' id='line_1_20' title="bbox 220 2555 1190 2645; baseline 0.005 -24"><span class='ocrx_word' id='word_1_138' title='bbox 220 2555 383 2638; x_wconf 83' lang='grc' dir='ltr'><strong><em>κείμενον,</em></strong></span> <span class='ocrx_word' id='word_1_139' title='bbox 403 2557 562 2643; x_wconf 75' lang='grc' dir='ltr'><strong><em>δευτέρου</em></strong></span> <span class='ocrx_word' id='word_1_140' title='bbox 581 2559 618 2623; x_wconf 72' lang='grc' dir='ltr'><strong><em>δὲ</em></strong></span> <span class='ocrx_word' id='word_1_141' title='bbox 636 2569 675 2644; x_wconf 78' lang='grc' dir='ltr'><strong><em>τη</em></strong></span> <span class='ocrx_word' id='word_1_142' title='bbox 695 2558 793 2642; x_wconf 82' lang='grc' dir='ltr'><strong><em>τάξει,</em></strong></span> <span class='ocrx_word' id='word_1_143' title='bbox 812 2570 851 2644; x_wconf 78' lang='grc' dir='ltr'><strong><em>τη</em></strong></span> <span class='ocrx_word' id='word_1_144' title='bbox 866 2561 1005 2644; x_wconf 88' lang='grc' dir='ltr'><strong><em>δυνάμει</em></strong></span> <span class='ocrx_word' id='word_1_145' title='bbox 1020 2562 1057 2626; x_wconf 78' lang='grc' dir='ltr'><strong><em>δὲ</em></strong></span> <span class='ocrx_word' id='word_1_146' title='bbox 1072 2586 1190 2645; x_wconf 91' lang='grc' dir='ltr'><strong><em>κυριω-</em></strong></span> 
     </span>
     <span class='ocr_line' id='line_1_21' title="bbox 219 2662 1190 2749; baseline 0.006 -22"><span class='ocrx_word' id='word_1_147' title='bbox 219 2662 333 2747; x_wconf 94' lang='grc' dir='ltr'><strong><em>τέρου,</em></strong></span> <span class='ocrx_word' id='word_1_148' title='bbox 360 2675 430 2740; x_wconf 82' lang='grc' dir='ltr'><strong><em>πῶς</em></strong></span> <span class='ocrx_word' id='word_1_149' title='bbox 457 2663 499 2729; x_wconf 84' lang='grc' dir='ltr'><strong><em>άν</em></strong></span> <span class='ocrx_word' id='word_1_150' title='bbox 527 2665 606 2749; x_wconf 80' lang='grc' dir='ltr'><strong><em>ἡμῖν</em></strong></span> <span class='ocrx_word' id='word_1_151' title='bbox 634 2667 713 2730; x_wconf 88' lang='grc' dir='ltr'><strong><em>αὐτὸ</em></strong></span> <span class='ocrx_word' id='word_1_152' title='bbox 742 2676 839 2731; x_wconf 84' lang='grc' dir='ltr'><strong><em>τοῦτο</em></strong></span> <span class='ocrx_word' id='word_1_153' title='bbox 867 2668 921 2732; x_wconf 81' lang='grc' dir='ltr'><strong><em>καὶ</em></strong></span> <span class='ocrx_word' id='word_1_154' title='bbox 948 2665 990 2732; x_wconf 83' lang='grc' dir='ltr'><strong><em>δι’</em></strong></span> <span class='ocrx_word' id='word_1_155' title='bbox 1018 2662 1065 2732; x_wconf 82' lang='grc' dir='ltr'><strong><em>ὧν</em></strong></span> <span class='ocrx_word' id='word_1_156' title='bbox 1089 2692 1190 2733; x_wconf 90' lang='grc' dir='ltr'><strong><em>τινων</em></strong></span> 
     </span>
     <span class='ocr_line' id='line_1_22' title="bbox 149 2771 1190 2854; baseline 0.008 -24"><span class='ocrx_word' id='word_1_157' title='bbox 149 2792 162 2830; x_wconf 79' lang='lat'>5</span> <span class='ocrx_word' id='word_1_158' title='bbox 220 2771 378 2853; x_wconf 80' lang='grc' dir='ltr'><strong><em>μεθόδων</em></strong></span> <span class='ocrx_word' id='word_1_159' title='bbox 400 2773 520 2854; x_wconf 90' lang='grc' dir='ltr'><strong><em>κτητὸν</em></strong></span> <span class='ocrx_word' id='word_1_160' title='bbox 543 2771 688 2854; x_wconf 79' lang='grc' dir='ltr'><strong><em>γένοιτο,</em></strong></span> <span class='ocrx_word' id='word_1_161' title='bbox 715 2773 800 2852; x_wconf 90' lang='grc' dir='ltr'><strong><em>ὅμως</em></strong></span> <span class='ocrx_word' id='word_1_162' title='bbox 824 2772 841 2836; x_wconf 90' lang='grc' dir='ltr'>ὁ</span> <span class='ocrx_word' id='word_1_163' title='bbox 865 2776 1051 2851; x_wconf 78' lang='grc' dir='ltr'><strong><em>Κεκίλιος</em></strong></span> <span class='ocrx_word' id='word_1_164' title='bbox 1074 2787 1190 2840; x_wconf 81' lang='grc' dir='ltr'><strong><em>ποῖον</em></strong></span> 
     </span>
     <span class='ocr_line' id='line_1_23' title="bbox 220 2876 1191 2964; baseline 0.005 -23"><span class='ocrx_word' id='word_1_165' title='bbox 220 2876 291 2959; x_wconf 86' lang='grc' dir='ltr'><strong><em>μέν</em></strong></span> <span class='ocrx_word' id='word_1_166' title='bbox 313 2901 348 2941; x_wconf 91' lang='grc' dir='ltr'><strong><em>τι</em></strong></span> <span class='ocrx_word' id='word_1_167' title='bbox 372 2877 537 2962; x_wconf 87' lang='grc' dir='ltr'><strong><em>ὑπάρχει</em></strong></span> <span class='ocrx_word' id='word_1_168' title='bbox 561 2879 603 2942; x_wconf 92' lang='grc' dir='ltr'><strong><em>τὸ</em></strong></span> <span class='ocrx_word' id='word_1_169' title='bbox 627 2879 780 2961; x_wconf 81' lang='grc' dir='ltr'><strong><em>ὑψηλὸν</em></strong></span> <span class='ocrx_word' id='word_1_170' title='bbox 806 2880 862 2943; x_wconf 87' lang='grc' dir='ltr'><strong><em>διά</em></strong></span> <span class='ocrx_word' id='word_1_171' title='bbox 885 2883 1015 2964; x_wconf 90' lang='grc' dir='ltr'><strong><em>μυρίων</em></strong></span> <span class='ocrx_word' id='word_1_172' title='bbox 1039 2881 1128 2945; x_wconf 88' lang='grc' dir='ltr'><strong><em>ὅσων</em></strong></span> <span class='ocrx_word' id='word_1_173' title='bbox 1146 2882 1191 2957; x_wconf 81' lang='grc' dir='ltr'><strong><em>ὡς</em></strong></span> 
     </span>
     <span class='ocr_line' id='line_1_24' title="bbox 221 2982 1189 3070; baseline 0.004 -23"><span class='ocrx_word' id='word_1_174' title='bbox 221 2983 382 3065; x_wconf 79' lang='grc' dir='ltr'><strong><em>ἀγνοοῦσι</em></strong></span> <span class='ocrx_word' id='word_1_175' title='bbox 405 2995 555 3066; x_wconf 85' lang='grc' dir='ltr'><strong><em>πειρᾶται</em></strong></span> <span class='ocrx_word' id='word_1_176' title='bbox 580 2986 762 3068; x_wconf 85' lang='grc' dir='ltr'><strong><em>δεικνύναι,</em></strong></span> <span class='ocrx_word' id='word_1_177' title='bbox 785 2987 826 3049; x_wconf 90' lang='grc' dir='ltr'><strong><em>τὸ</em></strong></span> <span class='ocrx_word' id='word_1_178' title='bbox 851 2982 892 3049; x_wconf 78' lang='grc' dir='ltr'><strong><em>δέ</em></strong></span> <span class='ocrx_word' id='word_1_179' title='bbox 916 2985 963 3050; x_wconf 87' lang='grc' dir='ltr'><strong><em>δι’</em></strong></span> <span class='ocrx_word' id='word_1_180' title='bbox 987 2988 1079 3052; x_wconf 88' lang='grc' dir='ltr'><strong><em>ὅτου</em></strong></span> <span class='ocrx_word' id='word_1_181' title='bbox 1103 2990 1189 3070; x_wconf 83' lang='grc' dir='ltr'><strong><em>τρά-</em></strong></span> 
     </span>
    </p>
   </div>
   <div class='ocr_carea' id='block_1_9' title="bbox 176 3123 1190 3280">
    <p class='ocr_par' dir='ltr' id='par_1_9' title="bbox 176 3123 1190 3280">
     <span class='ocr_line' id='line_1_25' title="bbox 249 3123 1190 3195; baseline 0.006 -21"><span class='ocrx_word' id='word_1_182' title='bbox 249 3129 280 3174; x_wconf 78' lang='lat'><strong><em>17</em></strong></span> <span class='ocrx_word' id='word_1_183' title='bbox 302 3141 380 3192; x_wconf 25' lang='lat' dir='ltr'><strong><em>-sp</em></strong></span> <span class='ocrx_word' id='word_1_184' title='bbox 396 3129 442 3190; x_wconf 63' lang='lat'><strong><em>53,</em></strong></span> <span class='ocrx_word' id='word_1_185' title='bbox 464 3128 479 3175; x_wconf 79' lang='lat'><strong>3</strong></span> <span class='ocrx_word' id='word_1_186' title='bbox 499 3123 533 3177; x_wconf 88' lang='lat' dir='ltr'><strong><em>ef.</em></strong></span> <span class='ocrx_word' id='word_1_187' title='bbox 553 3123 586 3178; x_wconf 79' lang='lat' dir='ltr'><strong><em>fr.</em></strong></span> <span class='ocrx_word' id='word_1_188' title='bbox 607 3129 648 3189; x_wconf 87' lang='grc'><strong><em>84,</em></strong></span> <span class='ocrx_word' id='word_1_189' title='bbox 673 3123 722 3178; x_wconf 88' lang='lat' dir='ltr'><strong><em>ubi</em></strong></span> <span class='ocrx_word' id='word_1_190' title='bbox 746 3125 864 3178; x_wconf 76' lang='lat' dir='ltr'>eandem</span> <span class='ocrx_word' id='word_1_191' title='bbox 887 3125 1032 3195; x_wconf 73' lang='lat' dir='ltr'>cogitandi</span> <span class='ocrx_word' id='word_1_192' title='bbox 1052 3125 1190 3180; x_wconf 73' lang='lat' dir='ltr'>talionem</span> 
     </span>
     <span class='ocr_line' id='line_1_26' title="bbox 176 3210 566 3280; baseline -0.003 -15"><span class='ocrx_word' id='word_1_193' title='bbox 176 3210 292 3265; x_wconf 78' lang='lat' dir='ltr'>Caecilii</span> <span class='ocrx_word' id='word_1_194' title='bbox 309 3211 471 3280; x_wconf 83' lang='lat' dir='ltr'>reperimus.</span> <span class='ocrx_word' id='word_1_195' title='bbox 561 3267 566 3274; x_wconf 69' lang='grc'><strong><em>,</em></strong></span> 
     </span>
    </p>
   </div>
   <div class='ocr_carea' id='block_1_10' title="bbox 175 3389 1189 3673">
    <p class='ocr_par' dir='ltr' id='par_1_10' title="bbox 175 3389 1189 3673">
     <span class='ocr_line' id='line_1_27' title="bbox 250 3389 1189 3463; baseline 0.004 -21"><span class='ocrx_word' id='word_1_196' title='bbox 250 3396 263 3442; x_wconf 85' lang='grc'><strong>7</strong></span> <span class='ocrx_word' id='word_1_197' title='bbox 286 3389 451 3457; x_wconf 82' lang='grc' dir='ltr'><strong><em>Τερεντιανὲ</em></strong></span> <span class='ocrx_word' id='word_1_198' title='bbox 467 3389 620 3458; x_wconf 69' lang='lat' dir='ltr'>Manutius,</span> <span class='ocrx_word' id='word_1_199' title='bbox 639 3390 828 3458; x_wconf 78' lang='grc' dir='ltr'><strong><em>φλωρεντιοινὲ</em></strong></span> <span class='ocrx_word' id='word_1_200' title='bbox 846 3391 925 3444; x_wconf 81' lang='lat' dir='ltr'>liber.</span> <span class='ocrx_word' id='word_1_201' title='bbox 999 3397 1014 3445; x_wconf 89' lang='grc'>9</span> <span class='ocrx_word' id='word_1_202' title='bbox 1034 3413 1064 3463; x_wconf 78' lang='grc' dir='ltr'><strong><em>γε</em></strong></span> <span class='ocrx_word' id='word_1_203' title='bbox 1078 3391 1189 3457; x_wconf 75' lang='grc' dir='ltr'><strong><em>Βεὶελεε,</em></strong></span> 
     </span>
     <span class='ocr_line' id='line_1_28' title="bbox 175 3459 1187 3531; baseline 0.002 -17"><span class='ocrx_word' id='word_1_204' title='bbox 175 3480 205 3516; x_wconf 88' lang='grc' dir='ltr'><strong><em>τε</em></strong></span> <span class='ocrx_word' id='word_1_205' title='bbox 218 3461 298 3528; x_wconf 81' lang='lat' dir='ltr'>liber,</span> <span class='ocrx_word' id='word_1_206' title='bbox 318 3460 446 3514; x_wconf 75' lang='lat' dir='ltr'>defendit</span> <span class='ocrx_word' id='word_1_207' title='bbox 459 3481 487 3516; x_wconf 82' lang='grc' dir='ltr'><strong><em>τε</em></strong></span> <span class='ocrx_word' id='word_1_208' title='bbox 504 3461 535 3515; x_wconf 91' lang='grc' dir='ltr'><strong><em>Β.</em></strong></span> <span class='ocrx_word' id='word_1_209' title='bbox 552 3463 653 3516; x_wconf 76' lang='lat' dir='ltr'><strong><em>literar.</em></strong></span> <span class='ocrx_word' id='word_1_210' title='bbox 668 3463 806 3516; x_wconf 76' lang='grc' dir='ltr'><strong><em>κεκιναίδλ.</em></strong></span> <span class='ocrx_word' id='word_1_211' title='bbox 824 3467 891 3516; x_wconf 85' lang='grc'>1906</span> <span class='ocrx_word' id='word_1_212' title='bbox 906 3480 933 3531; x_wconf 91' lang='lat' dir='ltr'><strong><em>p.</em></strong></span> <span class='ocrx_word' id='word_1_213' title='bbox 951 3468 1009 3516; x_wconf 78' lang='lat'>142.</span> <span class='ocrx_word' id='word_1_214' title='bbox 1085 3470 1116 3517; x_wconf 91' lang='lat'><strong><em>11</em></strong></span> <span class='ocrx_word' id='word_1_215' title='bbox 1137 3459 1187 3517; x_wconf 80' lang='grc' dir='ltr'><strong><em>εἶτ’</em></strong></span> 
     </span>
     <span class='ocr_line' id='line_1_29' title="bbox 176 3529 1189 3673; baseline 0.004 -89"><span class='ocrx_word' id='word_1_216' title='bbox 176 3533 334 3673; x_wconf 49' lang='lat' dir='ltr'>Ilplepppiuffi</span> <span class='ocrx_word' id='word_1_217' title='bbox 353 3529 405 3612; x_wconf 57' lang='lat' dir='ltr'><strong><em>rl&#39;vf</em></strong></span> <span class='ocrx_word' id='word_1_218' title='bbox 421 3532 504 3599; x_wconf 76' lang='lat' dir='ltr'>liber,</span> <span class='ocrx_word' id='word_1_219' title='bbox 531 3529 584 3603; x_wconf 75' lang='grc' dir='ltr'><strong><em>εἴγ’</em></strong></span> <span class='ocrx_word' id='word_1_220' title='bbox 602 3532 722 3603; x_wconf 85' lang='lat' dir='ltr'>Spengel</span> <span class='ocrx_word' id='word_1_221' title='bbox 742 3535 770 3586; x_wconf 74' lang='lat' dir='ltr'><strong><em>ei</em></strong></span> <span class='ocrx_word' id='word_1_222' title='bbox 788 3533 818 3586; x_wconf 92' lang='lat' dir='ltr'><strong><em>B.</em></strong></span> <span class='ocrx_word' id='word_1_223' title='bbox 840 3535 941 3588; x_wconf 76' lang='lat' dir='ltr'><strong><em>literar.</em></strong></span> <span class='ocrx_word' id='word_1_224' title='bbox 961 3536 1099 3589; x_wconf 76' lang='lat' dir='ltr'>zentralbl.</span> <span class='ocrx_word' id='word_1_225' title='bbox 1122 3540 1189 3588; x_wconf 88' lang='grc'>1906</span> 
     </span>
    </p>
   </div>
   <div class='ocr_carea' id='block_1_11' title="bbox 0 0 1339 3912">
    <p class='ocr_par' dir='ltr' id='par_1_11' title="bbox 0 0 1339 3912">
     <span class='ocr_line' id='line_1_30' title="bbox 0 0 1339 3912; baseline 0 0"><span class='ocrx_word' id='word_1_226' title='bbox 0 0 1339 3912; x_wconf 95' lang='lat' dir='ltr'><strong><em> </em></strong></span> 
     </span>
    </p>
   </div>
  </div>
 </body>
</html>
