2664 3906
450 221 840 272 PSEVDOCAEOILIANVM
1086 220 1151 284 207

137 385 390 466 παρακλήτικόν.
431 383 624 469 Λικαιύρχςο
649 383 686 448 δὲ
709 383 789 448 οὐδὲ
809 392 912 447 ταῦτα
932 394 1049 466 σοφῶν
1067 375 1153 448 εἶναι

138 488 272 573 ἀνδρῶν
295 491 399 554 δοκεῖ·
427 489 471 571 μή
499 490 562 573 γὰρ
591 491 633 573 δή
661 512 698 572 γε
721 493 800 566 τοὺς
822 490 924 554 πύλαι
947 492 1034 576 λόγῳ
1058 495 1153 573 φιλο-

138 606 272 679 σοφεῖν,
301 594 372 660 ἀλλ’
396 587 481 660 εἶναι
504 597 565 679 τήν
589 598 714 680 σοφίαν
736 598 809 660 τότε
833 605 918 679 γοῦν
941 594 1154 680 ἐπιτήδευσιν

20 769 24 777 Δ
136 699 245 786 έργων
267 706 390 785 καλῶν,
412 705 522 790 χρόνω
546 699 582 766 δέ
607 705 716 784 λόγων
740 703 882 787 ὀχλικῶν
905 702 1063 784 γενέσθαι
1084 703 1153 787 τέχ-

137 829 212 892 νην·
248 809 301 873 καλ
334 818 399 873 νῦν
431 805 493 891 μὲν
524 810 584 874 τὸν
615 816 769 886 πιθανῶς
801 808 1018 894 διαλεχθέντα
1050 808 1154 895 μέγαν
1181 830 1196 870 ε

137 907 223 980 είναι
254 917 367 980 δοκεῖν
394 919 595 1001 φιλόσοφον,
628 914 665 980 ἐν
692 913 729 980 δέ
756 927 826 993 τοῖς
853 917 953 982 πύλαι
981 917 1153 1001 χρόνοιςδ

137 1022 264 1105 ἀγαθὸς
286 1025 389 1103 μόνος
411 1017 454 1105 ήν
477 1025 678 1106 φιλόσοφος,
707 1025 739 1088 εί
764 1021 819 1088 καὶ
846 1024 890 1106 μή
916 1021 1154 1107 περιβλέπτους

137 1127 192 1194 καὶ
217 1130 371 1214 ὀχλικοὺς
395 1128 529 1195 ἀσκοῖτο
554 1132 686 1212 λόγους·
716 1129 756 1194 ού
785 1131 847 1214 γὰρ
876 1129 1011 1213 ἐζήτουν
1034 1128 1157 1195 ἐκεῖνοί

136 1259 174 1320 γε
200 1238 229 1301 εί
252 1235 464 1301 πολιτευτέον
492 1233 571 1300 οὐδὲ
598 1248 681 1320 πῶς,
710 1235 779 1302 ἀλλ’
804 1234 1035 1302 ἐπολιτεύοντο
1059 1237 1155 1302 αύτοί

136 1346 257 1425 καλῶς,
290 1339 369 1406 οὐδὲ
400 1343 428 1406 εί
460 1344 521 1426 χρή
551 1354 683 1426 γαμεῖν,
714 1342 796 1408 ἀλλὰ
826 1347 1003 1427 γήμαντες,
1033 1343 1073 1408 δν
1103 1345 1154 1408 δεῖ
1168 1365 1196 1404 ιο

138 1451 264 1534 τρόπον
296 1459 428 1532 γαμεῖν,
465 1461 537 1526 ταῖς
569 1448 701 1532 γυναιξί
733 1453 922 1534 συνεβίουν.
968 1460 1071 1515 ταῦτα
1102 1445 1153 1533 ήν,

136 1560 256 1639 φησίν,
285 1553 365 1641 ἔργα
393 1557 527 1638 ἀνδρῶν
554 1558 609 1621 καί
636 1555 878 1642 ἐπιτηδεύματα
902 1568 1031 1641 σοφῶν·
1059 1559 1093 1622 αλ
1117 1559 1154 1623 δέ

9 1705 26 1726 ,ι
138 1661 363 1746 ἀποφθέγξεις
391 1659 487 1728 αὗται
514 1673 648 1747 πρᾶγμα
665 1667 844 1748 φορτικόν.
889 1665 1063 1740 τοιούτους
1084 1667 1154 1730 πεί-

136 1776 241 1850 θομαι
259 1767 314 1834 καὶ
333 1772 413 1846 τοὺς
431 1770 610 1854 ὑμετέρους
629 1769 788 1853 γενέσθαι
807 1769 961 1854 πατέρας·
986 1762 1070 1836 είναι
1090 1771 1153 1856 γὰρ

138 1874 261 1959 ἀγαθοί
286 1875 467 1960 ἐβούλοντο
490 1874 545 1941 καλ
568 1878 689 1942 τούτου
714 1887 784 1953 τοῖς
806 1873 916 1961 έργοις
939 1875 1152 1961 ἐφικνοῦντο·
1168 1898 1195 1938 15

137 1984 343 2067 στρογγύλας
363 1981 393 2047 δ’
413 1981 637 2068 ἀποφθέγξεις
655 1984 709 2048 καὶ
732 1987 974 2068 καλλιρήμονας
993 1985 1074 2050 ὥστε
1097 2007 1152 2049 πε-

135 2090 246 2172 ριττοῖς
275 2081 360 2154 είναι
389 2090 501 2154 δοκεῖν
530 2088 598 2155 οὔτ’
626 2088 824 2174 ἐπετήδευον
853 2091 929 2154 ούτε
957 2088 1153 2173 ἐγίνωσκον·

136 2195 220 2270 οἵοις
242 2194 356 2279 μέντοι
380 2199 551 2279 λογισμοῖς
574 2196 694 2262 ἕκαστα
716 2193 890 2280 ἔπραττον,
913 2192 1152 2273 τοιούτοιςκαὶ

135 2302 247 2384 λόγοις
278 2300 354 2387 περὶ
386 2303 497 2368 αὐτῶν
530 2303 688 2387 ἐχρῶντο,
722 2304 784 2368 οὐκ
816 2305 862 2379 είς
891 2306 998 2389 βραχὺ
1029 2321 1151 2387 συνήγ-

134 2408 262 2491 μένοις,
293 2409 376 2475 ολλλιλ
404 2412 531 2492 καλοῖς,
562 2411 590 2474 εί
619 2411 677 2475 τὸν
705 2419 789 2475 νοῦν
817 2409 990 2475 σκέπτοιτό
1017 2435 1080 2494 τις,
1107 2411 1151 2494 μή
1166 2432 1194 2472 εο

135 2513 358 2592 ἐπιδεικτικῶς
396 2514 552 2594 ἐξετάζων
588 2514 660 2582 ἀλλ’
695 2514 748 2581 ἐπὶ
785 2517 845 2599 τήν
882 2521 996 2601 χρείαν
1033 2516 1152 2582 ἕκαστα

135 2620 276 2704 ἀνάγων.

202 2719 285 2793 θίόν
310 2751 347 2798 τι
375 2727 450 2813 περὶ
478 2727 615 2795 Ἀππίου
648 2738 707 2794 τοῦ
741 2729 913 2813 ἀναπήρου
946 2731 1151 2815 πεπύσμεθα.

133 2829 176 2918 ήν
204 2835 266 2919 μὲν
293 2836 356 2919 γὰρ
384 2836 448 2920 ήδη
477 2838 626 2920 γηραιός,
655 2836 739 2920 πρὸς
762 2837 904 2921 Πύρρον
927 2837 964 2902 δὲ
983 2835 1152 2918 Ῥωμαίοις

134 2943 276 3026 πόλεμος
298 2937 354 3024 ήν·
385 2941 440 3007 καλ
469 2942 486 3007 ὁ
515 2945 671 3024 βασιλεὺς
699 2952 738 3028 τή
766 2944 878 3028 πρῶτή
907 2943 992 3034 μύχή
1015 2948 1152 3029 νικήσας
1166 2965 1194 3005 εε

133 3048 424 3132 διαπρεσβεύεται,
457 3052 623 3134 συμβῆναι
654 3047 707 3114 ἐπὶ
737 3049 848 3114 τοῖσδε
879 3048 991 3127 ἀξιῶν·
1025 3051 1061 3114 τὸ
1091 3047 1152 3132 μὲν

207 3247 221 3293 1
247 3241 457 3310 παρακλητικόν
475 3240 577 3296 Kaibel
596 3242 672 3312 apud
691 3242 788 3296 Arnim
809 3248 873 3308 124,
894 3249 922 3309 1,
949 3241 1151 3312 προσκλήτικόν

133 3311 203 3377 eod„
221 3310 409 3380 προκλήτικόν
427 3313 534 3367 Arnim.
626 3319 650 3368 8.
670 3319 685 3366 9
705 3311 808 3368 ἐκεῖνοί
826 3333 856 3383 γε
876 3331 944 3368 corr.
964 3314 1075 3380 Arnim,
1096 3314 1153 3368 ἐκεῖ

132 3401 163 3452 γε
183 3382 243 3436 eod.
337 3387 378 3437 10.
399 3390 434 3444 11,
452 3385 519 3438 οὐδὲ
544 3385 568 3439 εί
587 3385 638 3456 χρὴ
657 3394 770 3455 γαμεῖν,
794 3384 904 3456 (οὐδὲ)
925 3383 958 3440 ὃν
982 3388 1027 3440 δεῖ
1044 3384 1151 3455 τρόπον

132 3462 242 3523 γαμεῖν,
257 3451 327 3508 ἀλλὰ
341 3453 479 3523 γήμαντες
493 3456 564 3510 coni.
579 3456 730 3511 Wuensoh.
800 3463 832 3510 11
851 3453 986 3527 συνεβίων
1001 3456 1070 3522 cod„
1086 3473 1151 3511 συν-

133 3523 229 3596 εβίουν
249 3525 308 3578 cod.
330 3542 346 3579 ε
366 3543 434 3580 corr.
509 3533 541 3581 12
563 3525 648 3596 φησίν
667 3527 774 3593 Arnim,
794 3525 881 3596 φασίν
900 3527 961 3581 cod.
1035 3534 1068 3581 15
1087 3527 1152 3582 τού·

131 3616 182 3651 τον
200 3597 308 3662 Arnim,
327 3596 434 3652 τούτων
454 3597 514 3652 cod.
588 3605 622 3652 24
641 3599 757 3666 Πύρρον
775 3599 883 3667 Amim,
901 3599 993 3666 πύρον
1012 3600 1072 3654 cod.
