2664 3906
188 169 255 233 ‘208
499 171 889 254 Psnvnocrncmmnvn

182 330 379 417 Ἑλληνικὸν
396 334 433 398 τὸ
453 331 490 397 ἐν
504 331 626 418 Ἰταλίᾳ
644 343 711 397 πᾶν
729 331 911 416 ἐλεύθερον
929 326 1015 396 εἶναι
1033 331 1088 396 καὶ
1108 331 1214 396 αὐτό-

188 460 307 524 νομον·
335 446 481 524 χρῆσθαι
509 439 546 504 δὲ
573 437 628 502 καί
652 442 822 515 Σαυνίτας
849 437 904 503 καὶ
928 439 1124 514 Λευκανοὺς
1150 439 1214 502 καί

187 548 313 624 πάντας
336 549 515 631 Βρεττίους
542 555 613 622 τοῖς
641 544 753 610 αὑτῶν
779 548 908 628 νόμοις,
940 545 1082 627 Πύρρου
1106 547 1213 620 ὄντας

188 655 390 738 συμμάχους,
404 652 582 734 Ῥωμαίους
601 649 637 716 δὲ
655 655 811 718 Λατίνων
829 655 944 737 άρχειν
962 654 1084 737 μόνων.
1122 652 1213 736 πρὸς
1309 719 1310 728 ,

159 769 291 824 ιταῦτα
315 761 346 825 ολ
370 756 431 841 μὲν
454 758 649 842 ἀντέλεγον,
672 761 791 844 αίσχρά
813 761 897 844 πρὸς
920 757 1035 824 δὲκαὶ
1058 759 1211 842 βλαβερά

188 860 273 932 εἶναι
293 868 436 951 φάμενοι
454 876 493 951 τῇ
512 869 617 948 πόλει,
640 877 710 942 τοῖς
733 865 763 930 δ’
782 866 843 932 οὐκ
866 864 973 931 ἐδόκει
996 865 1209 944 ἀντιτείνειν,

186 976 246 1038 τὸν
268 972 344 1059 περὶ
367 985 434 1038 τῶν
457 975 546 1038 όλων
568 975 731 1038 κίνδυνον
754 974 891 1038 δεδιόσι.
932 975 990 1036 καί
1010 996 1059 1047 τις
1081 983 1150 1035 τῶν
1169 969 1209 1036 ἐκ

187 1080 290 1164 μέσου
318 1080 402 1164 ἀνὴρ
431 1078 672 1163 ἐπαινούμενος
699 1080 849 1163 (ἄμεινον
879 1079 933 1144 ἄν’
957 1077 1021 1163 ἔφη
1053 1080 1207 1162 ’βουλευ-

187 1189 347 1270 σαίμεθα,
370 1190 402 1251 εί
423 1185 477 1251 καὶ
494 1185 633 1253 ’Άππιον
657 1187 850 1269 σύμβουλον
873 1186 1052 1269 λάβοιμεν’.
1098 1184 1116 1250 6
1139 1186 1206 1268 γὰρ

147 1314 173 1352 10
188 1285 271 1378 ἀνὴρ
301 1297 365 1358 σὺν
391 1301 436 1381 τῷ
464 1297 617 1381 φρονίμῳ
640 1291 695 1358 καὶ
719 1295 895 1376 φιλόπολις
917 1291 1034 1358 ἐδόκει.
1079 1298 1173 1357 καλεῖ
1201 1315 1203 1360 ;

78 1411 171 1476 p.121
188 1395 261 1483 οὖν,
284 1398 339 1464 καί
363 1401 407 1477 ὡς
425 1395 483 1482 ἧκε
503 1399 660 1483 λέγουσιν
678 1399 778 1486 αὐτῷ,
803 1398 855 1483 ἐφ’
874 1391 924 1476 οἷς
945 1397 1041 1482 ἠξίου
1065 1400 1206 1481 συμβαί·

186 1529 260 1572 νειν
290 1507 307 1572 6
337 1507 503 1588 βασιλεύς.
548 1508 606 1571 τὸν
640 1503 677 1572 δὲ
709 1505 763 1571 ἐπί
792 1510 901 1572 πολὺν
932 1508 1055 1590 χρόνον
1084 1508 1206 1588 σιωπή-

187 1631 291 1679 σαντα
318 1615 424 1679 είπείν
451 1617 545 1695 μόλις
572 1613 684 1678 τπάλαι
708 1612 783 1696 μέν,
814 1609 839 1677 ὦ
864 1617 984 1696 βουλή,
1016 1611 1205 1696 ὑπερηχθό-
1309 1657 1310 1660 ,

186 1744 253 1804 μην
276 1720 443 1804 ἀνάπηρος
466 1721 528 1802 ὤν,
559 1729 624 1785 νῦν
648 1720 686 1785 δὲ
708 1721 835 1800 πολλὴν
857 1729 896 1805 τῇ
921 1727 1079 1805 συμφορᾷ
1100 1719 1202 1804 ταύτῃ

147 1847 172 1888 15
186 1828 284 1912 χάριν
306 1824 369 1912 ἔχω
393 1829 437 1911 μὴ
461 1827 545 1912 ὁρᾶν
567 1827 652 1910 ὑμᾶς
673 1829 752 1903 τοὺς
770 1835 907 1891 τοιαῦτα
924 1825 1203 1908 βουλευομένους·
1309 1883 1310 1890 ,

186 1941 259 1999 είθε
283 1933 322 1998 δέ
342 1959 382 2017 με
408 1936 464 2000 καί
492 1936 609 2019 κωφὸν
636 1933 825 2016 γεγονέναι,
852 1933 909 1998 ἵνα
936 1933 1020 2016 μηδὲ
1048 1931 1202 2013 ἀκούοιμι
1309 1951 1310 1954 ’

186 2041 332 2125 αἰσχρῶν
355 2042 485 2125 λόγων’.
531 2041 717 2106 κάντεῦθεν
745 2039 934 2106 ἐπεδείκνυε
961 2043 1054 2104 τότε
1078 2038 1167 2104 ἐπικί
1188 2081 1201 2088 -

186 2149 292 2213 δυνον
314 2147 368 2213 καί
393 2147 515 2224 ἄδοξον
538 2157 595 2230 τῆς
618 2148 820 2230 συμβάσεως.

246 2251 382 2337 Ὅμοιον
408 2252 522 2319 δὲκαὶ
545 2255 582 2318 τὸ
607 2253 772 2331 Κέσωνος.
819 2253 836 2319 ὁ
860 2255 924 2338 γάρ
949 2255 990 2336 δη
1014 2253 1133 2318 Κόσων
1155 2261 1199 2340 τῷ

143 2361 274 2445 εοπαρδι
297 2360 540 2445 Καρχηδονίων
566 2363 752 2446 πρεσβευτῇ
781 2361 916 2445 ταχθεὶς
944 2359 1058 2424 ἐλθεῖν
1080 2362 1128 2436 εἰς
1151 2362 1201 2424 λό-

186 2492 267 2550 γους
291 2505 330 2513 -
356 2466 374 2532 6
399 2467 436 2532 δὲ
458 2465 556 2544 τάξας
579 2463 621 2550 ἦν
633 2465 769 2543 Ἄππιος
787 2467 848 2551 <ὁ>
867 2465 920 2531 ε’πὶ
940 2471 1096 2542 Σικελίας
1114 2477 1198 2549 πρῶ-

185 2598 241 2651 τος
270 2579 503 2657 στρατηλατῶν
526 2613 567 2620 -
592 2571 663 2638 ἐπεὶ
692 2575 822 2657 παριὼν
852 2573 870 2638 6
901 2571 1017 2650 Φοῖνιξ
1047 2566 1118 2638 είπε
1146 2573 1199 2637 καί

186 2680 419 2764 ἐμεγαληγόρει
446 2681 521 2764 περὶ
549 2689 606 2762 τῆς
634 2680 867 2765 Καρχηδόνος,
894 2677 1062 2761 Ῥωμαίοις
1086 2681 1122 2745 δὲ
1144 2678 1198 2744 ἐπ-

183 2791 278 2868 ετίμα
298 2788 382 2851 διότι
403 2784 606 2870 ἐπιχειροῦσι
629 2787 705 2870 περί
728 2790 833 2871 νησου
856 2788 939 2872 πρὸς
962 2787 1084 2863 αὐτοὺς
1105 2791 1198 2853 πολε·
1308 2839 1310 2862 ,

257 2985 272 3031 3
292 2978 408 3046 Πόρρου
427 2978 538 3046 Arnim,
561 2979 652 3047 πόρου
672 2979 732 3033 eod.
806 2985 821 3032 9
842 2976 955 3034 Ἄππιον
977 2979 1088 3046 Arnim,
1114 2978 1197 3034 άπιον

183 3050 245 3103 eod.
303 3055 335 3102 10
351 3051 440 3121 καλεῖ]
455 3049 556 3104 Kaibel
567 3050 643 3118 epud
652 3050 751 3104 Arnim
761 3056 846 3117 1261
862 3055 988 3105 καλεῖται
1001 3050 1047 3104 uel
1062 3051 1122 3104 sim.
1134 3067 1196 3104 eon-

182 3121 243 3174 icit.
318 3125 350 3174 15
370 3120 420 3190 ἔχω
441 3121 489 3193 μὴ]
509 3124 574 3176 ente
593 3121 629 3191 μὴ
647 3124 697 3174 eut
710 3130 760 3176 τοῦ
775 3125 825 3175 eut
839 3122 870 3177 τὸ
886 3121 1021 3176 excidisse
1035 3123 1134 3176 Arnim
1149 3127 1195 3175 125

182 3193 276 3262 putet,
295 3191 405 3259 KaibeL
425 3209 508 3260 quem
527 3192 658 3260 equidem
677 3209 786 3260 sequor,
806 3191 890 3247 scribi
908 3193 972 3246 uult
991 3193 1043 3263 ἔχω
1062 3193 1098 3263 μὴ
1118 3191 1195 3260 δρῶν.

186 3270 218 3317 16
238 3262 300 3318 nes
324 3262 356 3318 δέ
378 3283 410 3332 με
433 3265 481 3317 καί
504 3264 614 3335 κωφὸν]
638 3266 703 3332 post
720 3265 817 3333 κωφὸν
840 3265 959 3318 fortasse
977 3264 1147 3318 uocabulum
1164 3259 1196 3332 ἦν

183 3335 346 3388 addendum
366 3350 427 3390 esse
444 3335 543 3388 Arnim
562 3335 715 3401 contendit,
735 3335 836 3389 Keibel
856 3338 932 3404 apud
950 3335 1049 3389 Arnim
1069 3341 1119 3389 125
1138 3332 1193 3390 εἶδ’

185 3407 242 3460 ἔδει
259 3406 370 3460 conicit.
444 3412 476 3460 21
491 3403 607 3468 ’Ἄππιος
620 3407 727 3474 Arnim,
747 3407 831 3469 άπιος
844 3407 904 3461 οοδ.
978 3405 994 3462 6
1013 3407 1076 3460 edd.
1092 3407 1193 3462 Arnim.

183 3484 218 3530 22
237 3477 348 3544 παριὼν
366 3476 468 3530 Keibel
486 3478 563 3546 npud
580 3479 679 3531 Arnim
695 3483 754 3547 121,
773 3479 837 3546 περὶ
857 3473 895 3533 ὧν
914 3478 975 3532 cod.
1060 3483 1094 3532 24
1113 3477 1195 3548 νήσου

183 3549 292 3614 Arnim,
311 3546 398 3618 νόμον
418 3548 478 3602 eod.
