2666 3912
189 197 231 260 98
286 199 346 250 VII.
367 200 454 250 ΠΕΡΙ
472 199 547 250 ΤΟΤ
565 200 806 250 ΧΑΡΑΚΤΗΡΟΣ
824 198 899 249 ΤΩΝ
917 199 1012 250 ΔΕΚΑ
1031 199 1201 250 ΡΗΤΟΡΩΝ

186 359 285 413 Λυείοε
311 359 341 412 ἐν
368 360 445 426 αὐτῷ
471 359 600 425 φαίνεται
622 360 752 412 πολλάκι(
776 359 978 425 διαμαρτάνων.
1016 360 1203 423 θαυμάζονται

188 449 282 514 μέντοι
303 465 336 512 γε
359 449 448 501 αὐτοῦ
472 449 549 501 ἄλλοι
571 465 602 501 τε
622 450 720 501 πολλοὶ
738 448 815 512 λόγοι
834 451 879 501 καὶ
898 450 931 513 δὴ
952 451 997 501 καὶ
1015 450 1031 501 ό
1050 449 1120 514 πρό(
1138 449 1203 501 Διο-
1295 477 1325 488 ιι

186 538 299 603 γείτονα
327 538 490 604 ἐπιτροπῆε’
519 537 639 604 πιθανήν
662 554 694 590 τε
712 538 765 603 γὰρ
788 539 833 590 καί
856 538 980 603 καθαρόν
1002 539 1056 603 τὴν
1079 537 1203 602 όιήγηειν

186 633 312 694 ποιεῖται,
332 626 391 679 ἀλλ’
405 628 456 679 οὐκ
475 627 558 680 εὐθὺ(
577 627 622 680 ἐπὶ
639 627 690 680 τό(
708 627 833 692 αὐξήεειε
847 628 956 679 καὶτὰ(
970 628 1114 691 όεινώεειε,
1134 626 1203 691 όπερ

146 729 159 768 ο
186 718 283 769 πολλοὶ
306 716 466 783 πάεχουειν,
491 716 634 780 ὑπάγεται.
671 717 792 782 καὶγὰρ
816 715 877 768 οὐδ’
895 717 967 769 ἐετιν
990 713 1078 768 οἰκεῖα
1095 716 1131 768 τά
1149 732 1203 768 τοι-

106 807 172 856 489·
186 809 257 857 οότο
274 805 278 872 Ι
293 809 345 871 τῆ(
363 806 477 871 πρώτη(
496 804 669 857 όιόοεκολίαε
686 809 738 856 τοῦ
755 805 925 871 πράγματοε,
944 803 1004 870 ἀλλ’
1017 805 1047 856 ἐν
1061 810 1120 857 τοῖε
1135 805 1203 869 μετά

186 898 276 946 ταῦτα
295 895 389 960 χώραν
408 895 463 959 ἔχει
483 895 684 958 καταλέγετθαι,
718 895 762 946 καί
780 895 886 960 πολλὴν
906 895 936 946 όέ
954 895 1007 959 τήν
1026 893 1204 959 καθαρότητα

187 984 231 1035 καλ
255 983 408 1049 εαφήνειαν
432 985 462 1036 ἐν
484 999 515 1036 τε
537 988 596 1036 τοῑε
618 983 756 1049 πράγματι
779 984 824 1036 καί
847 989 906 1036 ταῑε
929 983 1030 1036 λέξεσιν
1049 981 1097 1035 ἀπ’
1116 983 1203 1048 αὐτῇ(

185 1075 237 1137 τῆ(
254 1076 306 1124 τοί)
326 1073 411 1136 λόγου
430 1073 613 1137 προβάλλεται
632 1072 731 1138 ἀρχῆε,
755 1073 847 1138 ὥεπερ
866 1073 911 1124 καί
928 1073 962 1124 τό
982 1075 1072 1138 εχῆμα
1089 1072 1122 1123 τό
1143 1069 1204 1124 κατ’

60 1159 62 1163 ’
147 1175 173 1213 ιο
187 1161 297 1214 εὐθεῖαν
314 1161 436 1226 ἁρμόζον
450 1161 597 1227 ἀφηγήεει,
617 1162 709 1214 καὶτὸ
725 1163 812 1227 μηδέν
825 1177 852 1214 τι
866 1163 969 1214 ἔξωθεν
984 1160 1202 1226 ευνεφέλκεεθαι.

185 1251 220 1316 τό
243 1251 275 1303 δέ
296 1253 347 1315 τῆ(
371 1249 503 1316 άρμονίοε
521 1251 609 1303 αὐτοῦ
632 1250 731 1304 κάλλος
755 1251 789 1302 οὺ
812 1250 918 1303 παντός
943 1250 1014 1302 ἐετιν
1033 1248 1202 1303 αἰεθάνεθαι·

187 1340 303 1405 καὶγὰρ
322 1341 397 1392 δοκεῖ
417 1341 467 1404 μὲν
486 1340 581 1393 ἁπλῶς
599 1341 644 1392 καὶ
663 1341 702 1392 ὼε
718 1340 799 1404 ἔτυχε
814 1343 974 1405 ευγκεῑεθαι,
994 1337 1032 1391 eit
1045 1339 1203 1404 ὑπερβολὴν

187 1428 218 1480 δέ
240 1428 344 1492 κόεμου
368 1429 586 1481 κατεεκεύαετοι.
624 1431 669 1481 καὶ
692 1428 787 1481 άπλῶε
810 1429 875 1480 όλοε
898 1429 914 1480 ό
938 1428 1022 1491 λόγος
1045 1427 1119 1481 άξιοε
1138 1430 1204 1480 θαυ-

188 1518 269 1581 μάτοι
292 1518 362 1570 κατά
384 1534 415 1570 τε
437 1518 474 1570 τά
493 1519 618 1582 εχήματα
636 1519 681 1570 καὶ
699 1519 734 1570 τὰ
753 1517 881 1583 νοήματα
899 1517 997 1569 καὶτὰ
1015 1517 1140 1581 όνόματο
1159 1517 1203 1570 καί

147 1617 173 1657 15
186 1607 240 1671 τὴν
259 1606 423 1672 ἐναρμόνιον
441 1607 553 1659 τούτων
572 1607 711 1673 ευνθήκην
730 1608 774 1659 καλ
791 1608 845 1672 τὴν
864 1607 969 1672 εὕρεειν
987 1608 1033 1659 καὶ
1050 1607 1127 1660 τάξιν
1144 1609 1203 1658 τῶν

187 1696 391 1761 ἐνθυμημάτων
408 1711 440 1747 τε
459 1697 504 1747 καί
522 1695 751 1762 ἐπιχειρημάτων.

260 1859 346 1907 1-16
365 1853 494 1922 Dionysii
513 1869 573 1908 esee
592 1871 647 1906 non
665 1856 791 1922 possunt,
812 1872 883 1920 cum,
908 1869 1079 1922 quamquam
1096 1853 1121 1906 is
1136 1869 1205 1920 quo-

188 1959 242 2013 que
260 1943 353 2011 ipsam
371 1941 452 1995 illam
467 1942 623 1996 orationem
637 1941 769 1996 laudibus
784 1942 865 1996 effert
884 1943 929 2014 γάρ
943 1943 1028 2011 Lysia
1042 1959 1064 1995 ο.
1080 1942 1204 2008 20-27),

186 2034 284 2085 tamen
303 2048 366 2085 oum
385 2047 418 2084 eo
436 2031 551 2096 iudicio,
570 2031 654 2099 quale
674 2033 750 2099 apud
766 2030 899 2085 Phobium
917 2033 1017 2098 exstat,
1036 2031 1067 2084 in
1085 2029 1204 2100 singulis

186 2138 243 2175 non
262 2120 401 2175 concinat.
439 2136 526 2187 qunre
547 2119 618 2173 haec
636 2122 666 2173 οό
684 2136 757 2187 qune
775 2121 950 2188 praecedunt
968 2119 1090 2174 Caecilio
1108 2117 1204 2172 tribui.

256 2342 353 2408 10911
373 2351 496 2404 Ειυτοκιι
515 2350 632 2404 Inonem
647 2356 681 2404 14
700 2350 752 2404 Rh.
768 2351 814 2406 Gr.
829 2357 870 2404 12
885 2369 912 2420 p.
928 2356 989 2416 215,
1004 2356 1038 2402 14
1053 2349 1098 2418 Sp.
1114 2351 1142 2402 eb
1156 2349 1204 2404 H.:

188 2443 231 2494 ότι
249 2441 346 2506 ἡθικόε
363 2441 445 2504 λόγοε
463 2440 569 2504 γίνεται
587 2442 657 2494 κατά
676 2443 813 2509 διάνοιαν,
841 2443 910 2494 όταν
929 2443 1050 2508 χρηττὴν
1069 2443 1118 2508 ἔχῃ
1137 2457 1206 2507 προ-

187 2531 289 2597 αἰρεειν
308 2533 352 2583 καὶ
370 2530 440 2596 πρόε
458 2531 494 2582 τά
513 2529 610 2596 βελτίω
630 2531 776 2597 ῥέπουεαν.

258 2690 325 2742 uide
343 2689 376 2743 fr.
398 2694 449 2743 109
468 2708 495 2758 p.
517 2695 559 2756 97,
580 2696 612 2743 16
623 2708 644 2744 s.

149 2943 174 2981 ιο
257 2921 328 2986 110
352 2920 398 3009 (p.
422 2923 474 3006 99,
496 2923 573 2988 5-7
594 2957 628 2974 =
649 2926 668 2988 9
692 2921 743 3010 Β.)
766 2923 923 2988 ΡΗοωνυ
947 2923 1024 2988 bibl.
1049 2926 1116 2988 eod.
1140 2925 1206 2990 262

187 3053 216 3114 p.
232 3027 313 3093 489b
331 3030 364 3093 3:
384 3031 447 3095 ἔετι
462 3033 498 3094 δέ
513 3031 531 3094 ό
546 3031 660 3095 Λυείαε
674 3033 780 3097 όεινόε
796 3034 853 3111 μέν
868 3033 1077 3109 παθήναεθαι,
1098 3032 1205 3109 ἐπιτή-

188 3143 273 3201 δειοε
297 3139 334 3201 δὲ
356 3140 432 3201 τοὺ(
451 3139 533 3216 πρὸ(
553 3137 680 3216 αὔξηειν
700 3143 855 3203 διαθεῖναι
875 3141 1002 3213 λόγους.
1043 3141 1128 3203 τινέε
1148 3141 1206 3218 μὲν

188 3244 248 3308 οὖν
271 3248 337 3307 τῶν
360 3247 433 3323 περὶ
454 3246 530 3309 τοὺε
550 3244 738 3323 ρητορικοὺε
758 3245 989 3323 διατριβόντων
1009 3245 1128 3320 λόγου(
1147 3247 1208 3310 οὐκ

189 3350 294 3430 ὀρθῶε
318 3351 505 3430 ὑπήχθηεαν
529 3351 630 3416 εἰπεῖν
654 3354 727 3432 περὶ
750 3351 865 3416 Λυείου
890 3353 934 3416 ὼε
958 3350 1124 3417 ἀποδεῖξαι
1148 3354 1207 3430 μέν

148 3476 174 3515 25
188 3460 228 3521 τὰ
265 3459 448 3536 ἐγκλήματα
479 3459 555 3537 παρ’
588 3459 761 3523 όντιναοῦν
793 3463 860 3523 τῶν
892 3461 1040 3522 παλαιῶν
1077 3458 1208 3538 ἀνδρῶν

188 3564 226 3627 τό
255 3568 507 3644 προκεκριμένον
531 3565 609 3644 ἔχει,
642 3567 772 3644 αὐξῆεαι
800 3569 836 3630 δὲ
863 3571 965 3629 ταῦτα
992 3568 1126 3629 πολλῶν
1156 3566 1206 3630 ἐν·
